4109 6434
211 461 248 525 65
668 459 851 520 tltlslttta
873 462 905 522 V.
928 462 978 520 ab
995 459 1151 521 buteoti
1172 459 1382 521 AEttllOTtJll.
1804 463 1839 525 bd

212 592 254 635 tas
272 576 737 648 par-ittulsirtutibuearripiexis,
755 576 873 632 iruetnm
892 578 1190 646 pietatisgmbtdmo
1224 577 1381 642 subanditur,
1401 577 1532 632 irascitur
1553 578 1617 634 darn
1648 594 1700 633 non
1730 590 1840 649 rogator

210 673 391 740 spiritualiter
411 677 522 723 roratas
550 669 668 722 irradiabat
683 685 690 722 :
705 667 772 740 Epo,
789 670 886 738 inquit,
907 671 1000 724 Drmi-

211 779 271 824 nor,
287 762 396 826 accubo,
411 771 436 814 et
450 762 534 815 sirete
551 761 651 830 sarciant
664 777 674 816 .·
686 761 845 829 percutiant,
862 772 885 815 et
900 778 946 832 ego
958 778 1001 816 aa·

213 858 280 908 nabe
298 854 389 923 (Deru.
406 868 491 917 tritt,
505 852 564 922 bb).

248 943 295 997 lll.
309 946 395 997 iarun.
413 942 465 998 Sed
482 942 543 996 aisti
562 958 570 997 ε
589 942 659 1012 Ergo
679 942 742 997 ierit
756 943 860 1012 pietas?
872 972 907 984 ·-
918 942 1000 997 brea.

215 1034 291 1088 batt
304 1035 410 1102 ntique,
433 1049 467 1088 ne
492 1032 616 1102 impietas
629 1034 776 1101 iudicetur,
793 1038 815 1090 si
838 1050 890 1088 oen
915 1033 1001 1089 corri-

213 1140 259 1198 gat
283 1125 497 1194 delinquentem.
514 1124 581 1179 (ὶιιιιι
593 1126 665 1178 enim
688 1140 740 1179 non
755 1127 825 1180 desit
839 1126 865 1179 in
878 1126 1000 1191 ιιοιιιιιιι,

216 1218 290 1289 qttod
306 1228 428 1280 iuretur,
444 1217 506 1270 ierit
525 1229 553 1269 ut
566 1226 642 1270 corel
657 1231 664 1269 :
678 1227 706 1270 ιιι
722 1224 786 1271 sunl
806 1232 900 1270 manus
915 1215 1001 1270 uredi-

213 1313 251 1373 ei,
267 1328 327 1378 qum
350 1311 433 1363 otuita
459 1309 579 1362 laedendo
598 1308 741 1363 conterunt
772 1308 929 1370 seruitutem,
947 1320 1001 1361 nen

213 1407 273 1458 siue
286 1417 427 1456 usuraoure
446 1401 585 1470 patieritis.
600 1398 656 1454 iioe
672 1398 751 1453 ιιιοιιο
767 1410 794 1454 et
809 1415 858 1453 tros
871 1399 922 1453 sub
935 1413 1001 1454 eura

221 1499 296 1549 ictos
317 1495 460 1559 nredmrtis,
478 1499 548 1547 inter
566 1493 638 1561 ipsas
660 1493 786 1547 rroeroris
804 1492 951 1557 angustias,
963 1491 1003 1546 sic

213 1591 242 1642 in
258 1588 403 1640 bertuinum
424 1600 637 1650 murmuramus,
655 1594 682 1637 ut
699 1585 727 1638 iu
756 1583 891 1638 ineditum
911 1583 1003 1639 ιιιιιιο-

214 1681 280 1745 rati,
296 1680 341 1746 uui
352 1687 484 1733 euraotur
500 1685 528 1730 et
539 1675 643 1730 dolent.
659 1674 818 1744 Aggretiero
841 1676 932 1743 igitur,
949 1673 1003 1727 ira·

215 1782 267 1835 ter,
284 1773 430 1840 aggredere
452 1768 622 1823 sustinentiae
648 1766 811 1831 remedium,
833 1781 887 1835 nito
910 1764 1001 1820 valeas

214 1863 353 1933 gravidam
373 1861 570 1916 terttatinoibus
589 1860 725 1914 sarcinam
745 1859 874 1928 levigare,
891 1868 919 1912 et
930 1858 1002 1927 peri·

1053 671 1229 725 alterutrata
1254 670 1345 724 oiirua
1370 672 1443 723 urrini
1469 672 1510 724 sui
1533 682 1662 741 provocat
1684 673 1839 736 ὓοιιιίιιιιιιι,

1053 764 1099 830 qrri
1120 760 1200 815 iactis
1216 760 1364 814 odibilibus
1377 775 1407 812 rc
1426 761 1555 816 odibilem
1569 762 1646 826 lacit,
1660 771 1685 816 et
1703 762 1838 816 oberrato

1053 866 1149 919 rogare
1166 852 1329 905 contemnit.
1351 851 1485 905 Caeterum
1508 859 1582 905 amal
1598 852 1668 906 Deus
1685 853 1837 916 bominem,

1053 951 1082 994 ut
1108 942 1206 995 artilex
1224 943 1367 1004 labriearu,
1382 941 1430 995 sed
1457 943 1595 996 odilinaia
1623 958 1717 1011 opera,
1739 945 1838 1012 quibos

1052 1032 1155 1088 iabriea
1178 1042 1288 1101 urgetur
1310 1033 1336 1085 io
1360 1031 1476 1101 iapsrtta,
1502 1044 1529 1086 et
1545 1036 1649 1102 cogitur
1666 1035 1693 1089 iu
1707 1035 1840 1091 iabiuarn.

1053 1123 1087 1176 Et
1106 1125 1153 1192 quii
1168 1123 1237 1176 ntaia
1252 1139 1332 1193 opera
1347 1123 1415 1188 odil,
1431 1123 1565 1177 aratorum
1582 1140 1694 1194 operum
1721 1142 1773 1180 noo
1791 1142 1842 1196 po·

1054 1223 1104 1269 test
1131 1228 1222 1267 entare
1239 1213 1372 1267 fictorem
1388 1230 1397 1266 a
1414 1215 1484 1268 sieut
1503 1213 1630 1268 Salomon
1648 1215 1841 1273 sanctissimae

1053 1305 1166 1374 prolttlit
1186 1322 1194 1362 ι
1212 1305 1280 1360 Odia
1294 1316 1367 1368 rutil,
1381 1307 1484 1376 inquit,
1499 1307 1554 1361 Deo
1573 1308 1669 1373 impias
1681 1319 1706 1362 el
1720 1310 1840 1378 tapetas

1051 1392 1191 1464 ejuslsap.
1213 1410 1269 1461 arr,
1284 1395 1323 1463 9).
1342 1395 1412 1464 Ergo
1430 1397 1527 1451 ntetiut
1541 1404 1583 1452 eal
1607 1398 1635 1452 in
1660 1398 1712 1454 boc
1739 1414 1841 1453 muno

1052 1490 1132 1543 annis
1149 1490 1324 1558 tergentibus
1343 1491 1475 1558 perituro,
1491 1491 1572 1559 errius
1589 1502 1756 1548 senectutem
1776 1509 1838 1564 pre·

1053 1582 1104 1637 ntit
1117 1597 1150 1636 ae
1167 1585 1261 1636 sorbet
1272 1598 1395 1648 mensur,
1414 1600 1554 1639 examore
1569 1587 1673 1639 Domini
1691 1586 1839 1641 ritedieina-

1053 1676 1088 1730 iia
1104 1676 1242 1730 sustinere
1256 1678 1383 1740 uerbera,
1398 1693 1478 1746 quiam
1491 1693 1525 1732 ea
1548 1677 1611 1733 odio
1624 1690 1782 1746 exspectare
1796 1680 1840 1733 iu·

1053 1768 1202 1822 satiabilern
1215 1769 1335 1836 pingam,
1349 1778 1375 1821 et
1389 1770 1440 1823 sub
1455 1768 1567 1823 ioiruiue
1582 1770 1723 1824 sententiae
1738 1774 1841 1824 ducere

1053 1858 1237 1917 dantnabtiern
1256 1859 1349 1913 ritant.
1365 1859 1460 1914 ilciius
1477 1870 1519 1914 est
1538 1861 1611 1915 iuter
1629 1878 1726 1915 manus
1742 1861 1840 1917 ntertiei

214 1958 277 2012 ertia
294 1957 356 2013 dum
373 1957 474 2025 pateris
490 1969 629 2023 superare.
653 1953 774 2008 discentia
799 1954 921 2006 ntearbra
943 1953 1000 2008 arri»
1017 1938 1038 1992 Β
1052 1951 1230 2003 transiturum
1242 1964 1274 2002 ac
1285 1950 1418 2004 orodimoa
1429 1951 1567 2006 sustinere
1576 1961 1840 2019 tormentorn,ooam

216 2062 279 2101 mus
294 2047 396 2116 rigidus
414 2045 571 2101 consoletur
596 2056 622 2100 et
648 2052 736 2098 curet.
762 2044 887 2114 Regnum
911 2051 1001 2098 teneat
1056 2039 1216 2093 rettuntiare
1234 2040 1352 2104 tnedieo,
1374 2049 1402 2094 et
1423 2040 1564 2096 irtearrcre
1583 2042 1744 2111 suppliciam
1759 2051 1840 2097 ater·

216 2135 305 2190 uirtus
325 2136 396 2188 intra
421 2133 711 2201 carperanrielatibus
733 2133 942 2203 captiuitatrtro3
971 2140 1001 2187 at
1055 2130 1098 2183 tris
1127 2129 1278 2186 tortoribus
1301 2132 1543 2185 artabanumlut
1568 2133 1590 2187 si
1618 2132 1709 2187 adbuc
1732 2123 1843 2189 miraris'

216 2228 306 2280 atritas
319 2226 424 2281 inclusa
449 2225 578 2293 periculis
590 2226 677 2293 rigeat
700 2224 788 2294 ipsius
803 2224 929 2278 libertate
946 2222 1001 2277 tir·
1055 2222 1185 2276 amatoris
1199 2224 1284 2276 nostri
1308 2222 1481 2288 arrodit-ioan,
1501 2223 1676 2292 peruagata
1700 2232 1840 2288 waslare,

217 2321 294 2381 tutis,
306 2334 367 2387 orm¹
385 2320 411 2371 in
428 2316 558 2373 currssietu
583 2317 751 2383 tentationis,
768 2315 843 2370 varie
868 2315 1002 2385 legalibus
1055 2311 1120 2368 iitoti
1136 2326 1243 2383 quinque
1260 2313 1342 2367 debes
1357 2313 1463 2379 mirari,
1475 2315 1548 2382 quod
1565 2323 1693 2383 torquent
1716 2316 1839 2371 remedia

132 2466 136 2472 ,
216 2410 293 2465 tobis
317 2409 475 2476 iararludmu
499 2407 577 2476 jussa
605 2417 648 2462 ert
679 2406 876 2476 praeparatior
892 2407 919 2459 iu
945 2407 1002 2475 ipso
1055 2404 1413 2473 quosmedicusamat,qui
1431 2404 1841 2474 nocendoquodnooeleteia·

217 2502 516 2558 vertibulodourinieae
546 2501 697 2565 seruitutis,
710 2507 807 2555 contra
828 2498 942 2554 infestas
957 2515 1003 2556 ea·
1055 2498 1105 2550 dit.
1120 2495 1219 2565 Utiqoe
1233 2497 1279 2566 qui
1296 2485 1423 2553 troeeritia
1439 2499 1538 2567 quaerit
1551 2500 1708 2565 excludere,
1725 2516 1841 2572 nonpo-

219 2595 356 2649 tamitales
377 2596 490 2648 arroari.
508 2592 570 2654 Fili.
589 2594 686 2661 ιιιιιιιιι,
703 2594 829 2646 accedeus
842 2591 876 2644 ad
888 2595 1002 2646 servitu·
1056 2596 1106 2642 lest
1119 2602 1172 2641 non
1187 2602 1304 2643 rrooere:
1322 2598 1350 2641 et
1365 2588 1426 2642 ideo
1446 2589 1570 2644 nocendo
1584 2598 1673 2652 curat,
1689 2601 1717 2643 ot
1731 2590 1839 2645 ebarior

219 2699 269 2741 tero
288 2685 348 2750 Dei,
363 2697 403 2739 sto
419 2687 445 2737 iu
467 2685 574 2754 justitio
590 2695 612 2738 et
638 2684 742 2747 tirrtore,
754 2693 778 2736 et
800 2698 922 2751 prepare
944 2681 1003 2735 atti·
1056 2677 1092 2733 sit
1108 2679 1212 2733 sanitas
1225 2688 1377 2748 praeparata
1392 2681 1566 2735 maeroribus.
1579 2680 1608 2735 Si
1623 2681 1695 2734 enirn
1708 2682 1841 2737 laodiciae

218 2774 431 2832 mammotreti
455 2773 839 2844 tentatieuentltt'crii.tt,il.
861 2773 1001 2843 Ergoettm
1058 2785 1113 2823 non
1140 2770 1275 2823 laceraret
1302 2757 1470 2834 ἰαιιιιιιιιιιιιι,
1486 2773 1616 2825 meritum
1646 2775 1772 2829 sanitatis
1801 2774 1843 2830 ire

221 2869 334 2923 tentatio
345 2868 447 2921 uostris
461 2866 627 2921 utilitatibus
637 2877 809 2936 prorogetur,
827 2880 880 2920 non
896 2877 940 2919 est
952 2864 1003 2919 rai-
1056 2876 1165 2932 terrtper
1188 2863 1336 2916 delectaret
1356 2863 1382 2916 in
1405 2863 1590 2917 emoritarium
1607 2866 1717 2921 uulnus.
1735 2866 1763 2921 st
1786 2883 1840 2921 noo

222 2960 345 3023 randum,
357 2960 380 3015 si
399 2958 478 3013 nobis
492 2958 553 3028 ejus
566 2959 648 3013 ardor
663 2956 770 3012 aecidat
787 2971 795 3011 ι
814 2957 885 3011 sieut
902 2955 1003 3010 beatis·
1057 2953 1230 3008 rtrordaribus
1271 2954 1437 3024 artjumentio
1477 2956 1634 3010 nocentium
1676 2956 1843 3012 roedcierme

220 3054 307 3105 sinsus
320 3051 417 3105 baras
431 3049 458 3103 iu
475 3048 594 3117 Epistola
605 3063 656 3102 sua
670 3054 774 3112 monet,
789 3060 822 3102 ae
840 3045 907 3101 dicit
925 3065 931 3100 :
948 3041 1004 3099 ilo·
1057 3061 1122 3100 cura
1143 3045 1260 3115 pretiosa
1280 3055 1431 3111 antistaret,
1449 3049 1599 3101 eutrandum
1614 3063 1697 3103 causa
1719 3065 1773 3104 noo
1796 3064 1845 3104 co·

220 3142 267 3197 iile
283 3143 375 3196 odrari
394 3143 516 3195 arderent
530 3140 691 3194 accidentem
705 3137 777 3192 aoltr
797 3137 866 3205 :gui
886 3135 921 3189 oti
945 3143 1004 3191 ten·
1056 3148 1132 3207 geret
1151 3138 1177 3192 io
1202 3153 1355 3194 insererem.
1381 3139 1417 3194 Et
1449 3140 1510 3194 ideo
1528 3141 1656 3197 remediis
1683 3144 1844 3199 nocentibus

1019 3247 1123 3342 Ceura
1142 3232 1292 3299 perlinitur,
1311 3241 1340 3284 ιιι
1356 3234 1484 3288 tnoerorir
1499 3237 1589 3303 pretio
1612 3237 1751 3306 redempta
1770 3238 1845 3291 sarri·

221 3235 347 3288 latiaueut
362 3242 473 3287 bertraus
486 3232 527 3301 pil,
542 3247 573 3288 ιιι
590 3231 719 3286 ercitum
731 3230 800 3283 iuter
812 3229 898 3283 etrier
913 3227 1004 3283 tertii

221 3327 316 3394 dacter
351 3326 375 3393 (l
410 3322 484 3379 Pelr.
508 3337 547 3386 lv,
574 3321 630 3393 lt).
653 3320 851 3390 Frequentibus
880 3321 1006 3392 proceiiis¹
1060 3331 1113 3387 tas,
1128 3323 1240 3376 citarier
1255 3323 1429 3378 babeaturet
1450 3335 1539 3395 grata.
1554 3323 1625 3395 Ergo
1646 3327 1691 3396 qrri
1710 3329 1845 3384 amandus

221 3416 373 3471 Cbriitiana
392 3419 443 3468 rita
462 3416 585 3484 quatitur
605 3421 688 3482 alque
703 3423 833 3478 tenuatur,
851 3422 878 3468 et
896 3428 1006 3483 pressu·

222 3508 261 3563 ris
290 3508 441 3562 intrumerir
468 3505 737 3561 tutaturelereseit.
768 3503 847 3570 Quod
878 3503 1006 3560 saluom

223 3599 394 3654 beatissimus
405 3599 534 3666 propbeta
560 3607 586 3652 et
612 3599 680 3652 salis
708 3595 821 3652 illustris
845 3606 962 3651 testatur
980 3607 1007 3653 et

223 3691 326 3761 prebat
339 3690 516 3759 Curtiungere,
547 3686 771 3758 innundantia
802 3697 828 3740 et
851 3689 963 3751 tortior,
979 3695 1007 3740 ιιι

222 3789 322 3837 creseat
335 3782 362 3835 to
379 3779 582 3835 uouiatimorita
592 3788 639 3834 tuo
651 3778 745 3852 (dccii.
763 3793 794 3844 tt,
809 3780 849 3849 5).
864 3777 1006 3848 bartona

224 3876 284 3929 vitre
303 3883 403 3930 nostrae
425 3871 622 3943 agitationibus
640 3869 740 3940 gaudet
755 3887 762 3924 :
776 3870 833 3925 rata
850 3866 1007 3937 lrmoprilti·

224 3978 280 4023 tate
309 3967 444 4022 turbatur.
470 3963 568 4035 Stupet
586 3963 659 4018 enim
688 3977 805 4025 cursus,
837 3960 1008 4017 cessautibus

224 4058 330 4123 rends3
346 4055 562 4128 periclitaturi
589 4053 720 4125 periculis
739 4068 793 4109 nou
808 4054 950 4122 probetur.
964 4050 1009 4108 iu·

223 4158 327 4210 ,eertum
356 4159 398 4202 est
425 4149 498 4204 euim
528 4155 622 4201 utrum
646 4145 681 4200 ad
703 4144 844 4199 beluinum
861 4146 1009 4214 pertineat,

224 4257 303 4311 nuent
321 4254 447 4309 pressura
470 4249 559 4294 mater
582 4238 675 4309 gioriae
698 4237 856 4293 ventilando
872 4252 927 4290 ιιοιι
945 4249 1009 4305 pstr-

224 4341 279 4402 gat,
298 4331 447 4402 prenteoto
462 4346 514 4385 ιιοιι
538 4330 634 4397 nutrit,
649 4330 809 4400 castigando
825 4343 879 4384 non
900 4327 1006 4397 probat.

223 4426 353 4477 raedeudo
364 4438 417 4477 uon
429 4431 517 4479 curat.
534 4421 601 4476 Naro
617 4437 679 4476 curu
702 4422 814 4476 orerbora
834 4421 914 4476 nobis
927 4430 1009 4490 alque

224 4513 299 4567 varia
325 4523 490 4568 oentatnenta
502 4526 578 4566 atrior
600 4512 706 4567 diuinus
729 4511 876 4581 impendat,
890 4526 923 4565 ae
937 4510 1008 4565 ιιοιι

1059 3425 1112 3479 est,
1134 3415 1258 3485 quotibet
1276 3416 1403 3469 examine
1431 3431 1484 3470 noa
1503 3426 1595 3486 potest
1614 3434 1667 3472 uon
1681 3422 1844 3479 emendari:

1058 3507 1105 3574 qrri
1142 3506 1320 3575 corrigendus
1346 3516 1399 3574 est,
1425 3523 1476 3560 oen
1507 3519 1596 3577 potest
1628 3526 1682 3563 uon
1713 3512 1845 3582 ssageiiari

1059 3598 1189 3653 sarabaris
1218 3599 1332 3653 verbere
1357 3615 1365 3652 ι
1388 3601 1435 3668 qrti
1457 3602 1597 3657 cornardus
1625 3611 1678 3669 est,
1711 3605 1846 3659 medentis

1059 3690 1240 3743 mordacitate
1252 3705 1305 3743 oon
1324 3699 1413 3760 potest
1434 3707 1489 3746 non
1503 3694 1607 3750 ooeerl.
1628 3696 1697 3763 erid
1713 3674 1845 3753 miraculo

1058 3779 1165 3849 stupes?
1184 3781 1216 3835 de
1227 3781 1357 3850 perieulis
1367 3790 1507 3850 exspectat
1523 3785 1754 3855 attrabunqaem
1767 3797 1846 3844 corat

1059 3869 1170 3938 igniret
1184 3869 1299 3924 ierrmn.
1310 3868 1392 3924 tlolta
1405 3881 1471 3926 surtt
1486 3872 1559 3927 enirn
1575 3889 1702 3944 pirameo
1717 3878 1769 3930 uisi
1782 3892 1845 3946 per·

1059 3977 1139 4020 sassa
1159 3973 1306 4017 sanantur.
1319 3961 1400 4017 ilulti
1415 3975 1479 4019 suot
1494 3981 1563 4034 quos
1580 3968 1676 4023 rtiedici
1692 3969 1752 4022 sine
1769 3969 1845 4024 ierro

1059 4065 1156 4105 curare
1187 4066 1241 4105 nort
1272 4051 1465 4120 metuentior·
1491 4054 1636 4108 sarritatero
1658 4056 1766 4112 diuersa
1795 4074 1846 4127 per

1059 4150 1194 4199 tormenta
1224 4145 1308 4213 rogati
1336 4147 1502 4212 concedunt,
1527 4147 1698 4202 amarissima
1734 4147 1844 4218 poeula,

1055 4235 1301 4306 erigerrteatorbo,
1320 4235 1432 4292 remedii
1444 4251 1529 4294 emisa
1543 4255 1596 4293 nott
1610 4240 1762 4296 sitientibus
1772 4258 1846 4312 sepo

1060 4329 1292 4405 propitiaturae
1325 4345 1378 4384 oon
1398 4332 1457 4386 sine
1477 4328 1576 4386 irmrtis
1609 4335 1758 4402 rugositate
1787 4349 1846 4389 sor·

1060 4418 1170 4476 buntur⁸
1182 4418 1251 4472 Nam
1268 4420 1290 4474 si
1308 4423 1412 4476 salluui
1430 4422 1549 4477 bibentis
1565 4425 1800 4490 attendentibus
1818 4435 1847 4481 tt

1060 4513 1159 4566 auxius
1174 4512 1254 4576 bibit,
1272 4523 1301 4568 at
1325 4514 1403 4570 laras
1417 4526 1444 4570 et
1465 4515 1609 4571 irrrolumir
1624 4517 1744 4573 ritant)
1764 4520 1847 4574 ηιιο-

225 4610 346 4662 ruedieos
366 4606 490 4662 corrierat
508 4610 656 4663 remedium
675 4610 708 4662 de
721 4607 878 4673 contrariis,
899 4618 927 4661 et
950 4616 1008 4663 lor-
1024 4631 1046 4685 p
1062 4601 1161 4655 bilibit
1177 4609 1206 4655 el
1230 4601 1410 4657 incomtbdit
1425 4604 1567 4659 comtboda
1590 4610 1658 4660 tatis
1681 4606 1846 4676 perversitas

225 4703 335 4772 quietudo
345 4708 486 4756 succurrat
500 4715 509 4756 a
526 4716 579 4754 ιιοιι
595 4715 625 4756 se
641 4700 737 4769 probat
759 4699 793 4757 ad
809 4715 930 4754 antonem
946 4714 1008 4768 per·

225 4793 313 4847 tinere
330 4791 448 4858 Dorrrioi,
464 4793 510 4862 qui
533 4790 618 4861 griagio
636 4792 843 4846 utedieinaiibus
869 4808 922 4847 uon
949 4807 1008 4846 tue·

227 4885 281 4936 ruit
309 4883 462 4951 subjacere.
483 4881 535 4937 Sed
563 4883 677 4937 inrsilau
711 4882 841 4936 illoszst
859 4896 936 4937 luteus
967 4890 1009 4935 est

225 4984 331 5029 antator
350 4973 431 5040 Deus,
448 4989 498 5029 eur
518 4986 561 5028 nte
583 4973 665 5044 igitur
681 4973 813 5029 amatoris
838 4973 890 5027 roei
905 4971 1008 5042 flagella

225 5069 301 5137 gravi
318 5066 483 5122 laceratione
498 5066 684 5129 rnoestitieaut,
703 5075 731 5120 et
757 5065 879 5121 taedemto
899 5076 1009 5121 eorrtur·

226 5157 312 5211 baroti
331 5158 355 5212 si
377 5173 420 5211 tire
442 5158 614 5226 arripiesibus
644 5157 810 5227 flagellorum
833 5166 939 5225 torquet
963 5156 1008 5226 qtti

224 5256 310 5310 amat,
320 5246 375 5316 jam
396 5255 485 5316 partes
510 5245 564 5299 odii
589 5244 673 5299 labus
699 5258 778 5297 atuor
802 5252 912 5297 eset-cet
931 5257 938 5298 :
951 5240 1008 5310 jaus

226 5340 297 5391 stralo
317 5339 418 5401 oderit,
436 5352 469 5392 ne
491 5345 627 5405 totoueat.
653 5335 710 5390 ιιιιο
734 5350 800 5389 cate
825 5349 877 5388 nrm
907 5334 1007 5400 oderit,

226 5444 291 5496 roga
306 5439 334 5481 ut
343 5443 435 5481 narrare
445 5427 580 5498 dignetur.
593 5430 675 5481 bmor
686 5428 757 5481 eninr
769 5427 903 5492 comodat,
916 5426 1008 5480 odium

227 5534 291 5573 sero
313 5519 475 5588 supplicium
500 5518 695 5572 corrrruinatur.
728 5518 810 5572 barm
835 5517 1008 5586 disciplinans

225 5612 365 5664 consuerit
393 5609 561 5678 impendere,
587 5610 679 5664 odiunt
704 5624 778 5674 veto,
804 5610 925 5662 dictante
948 5622 1010 5662 sett-

227 5703 440 5762 relatiunculam
456 5702 581 5755 recitare.
596 5700 673 5766 erod
689 5701 778 5754 odirnu
796 5701 939 5755 nativitate
954 5699 1009 5754 ιιιιι

226 5797 299 5845 ιιιιιιιι
320 5791 427 5861 generis
448 5807 479 5845 es
500 5792 553 5844 ileu
577 5793 602 5845 io
622 5793 757 5846 boruioeru
781 5803 956 5861 propagatur.
976 5788 1009 5842 iit

225 5884 286 5939 ideo
299 5893 340 5940 est
366 5885 495 5950 botttittia',
516 5885 587 5956 tprod
599 5885 653 5942 odit
671 5923 680 5952 ,
698 5896 744 5940 batt
770 5887 899 5942 irascitur
913 5885 1007 5942 Deus:

1060 4692 1218 4746 medicinati
1237 4693 1354 4763 Urgetur
1368 4696 1453 4749 ιιοιιιο
1488 4697 1581 4751 bibere
1604 4699 1675 4766 quieti
1699 4714 1751 4752 nou
1764 4698 1844 4754 silita

1058 4781 1104 4833 eui
1123 4781 1270 4838 remedium
1285 4792 1327 4836 est
1344 4783 1490 4852 aliquando
1507 4785 1580 4853 quod
1597 4786 1666 4841 sitit.
1690 4787 1757 4842 Nara
1778 4790 1843 4856 grtia

1058 4872 1194 4927 interdum
1227 4875 1351 4930 ciborum
1382 4875 1575 4932 abstinentiam
1604 4881 1847 4950 precipientem-

1060 4965 1130 5019 dicta
1143 4964 1288 5034 ieiunitate
1303 4984 1405 5036 eorpus
1425 4980 1587 5036 esurierant,
1600 4981 1632 5026 ιιι
1647 4976 1679 5025 de
1696 4975 1753 5041 ipsa
1767 4973 1846 5027 iassi-

1059 5055 1154 5111 tudine
1177 5058 1414 5129 reiecturumque
1440 5061 1619 5117 fortissimum
1641 5067 1765 5120 redoleat.
1793 5065 1847 5119 ile·

1058 5149 1170 5214 prutina
1194 5149 1305 5203 subtere
1329 5166 1390 5218 qttae
1412 5167 1492 5206 castis
1508 5153 1536 5207 in
1553 5157 1653 5210 eastris
1674 5158 1791 5222 adrexit,
1807 5159 1847 5209 lo·

1062 5251 1132 5304 rent,
1150 5240 1247 5310 ligant,
1264 5243 1400 5308 sarciunt,
1435 5257 1545 5309 corant,
1564 5247 1760 5303 rroemiiraaudo
1781 5250 1848 5304 ireti-

1062 5335 1154 5398 iieant,
1179 5332 1315 5402 irrigando
1344 5334 1511 5396 enttiortaot.
1540 5340 1662 5394 iaerieoda
1691 5343 1845 5399 inuitentur.

1061 5420 1128 5476 b‘a'ar
1152 5426 1215 5478 ιιιιιιι
1234 5424 1325 5492 patulo
1341 5425 1446 5480 ruitteri
1474 5432 1629 5482 toralinoata
1656 5434 1756 5498 partim
1781 5445 1846 5489 ente

1060 5515 1221 5585 qrribusdam
1237 5515 1327 5572 libelis
1344 5516 1461 5573 inierunt
1475 5523 1632 5586 sanitatem,
1649 5525 1730 5577 ritatn
1746 5541 1846 5581 coustr-

1061 5606 1143 5662 laudo
1169 5607 1437 5678 pollicentur,oararrr
1453 5614 1574 5666 curtando
1595 5628 1772 5685 rontpouonl.
1793 5618 1847 5673 Sed

1062 5699 1161 5754 leviora
1178 5712 1244 5754 sarit
1266 5702 1317 5755 ista
1341 5717 1400 5770 ιιι,
1424 5704 1544 5758 riitirrrus
1560 5720 1568 5761 ι
1583 5709 1652 5775 apud
1666 5724 1734 5777 qnos
1745 5721 1787 5765 est
1805 5726 1849 5765 re·

1061 5794 1179 5847 luediurn
1193 5811 1245 5849 ιιοιι
1262 5797 1322 5848 siue
1335 5796 1463 5864 scalpello
1474 5798 1583 5854 deluere
1597 5806 1753 5871 putredines
1768 5821 1847 5859 ermr-

1063 5896 1149 5950 vatas,
1168 5896 1195 5942 ct
1216 5900 1355 5956 atrrprttare
1369 5888 1403 5944 tie
1426 5888 1537 5946 beotius
1557 5896 1617 5951 atro
1643 5907 1763 5950 tumtun-
1786 5912 1848 5966 par-
