4109 6434
212 480 251 550 35
686 481 717 543 S.
737 480 958 542 thbotttltt
981 483 1141 546 ornabit
1164 485 1369 545 tttmttsst
1740 545 1745 554 ,
1808 489 1842 549 tt

213 604 339 655 nostrum
367 592 496 664 peccandi
525 592 655 663 podorem
681 593 779 646 tacere.
810 591 886 648 Uinde
918 595 999 648 etiarn
1017 605 1039 657 Α
1056 596 1129 650 tione
1144 598 1222 650 datter
1240 597 1324 665 loqui,
1341 597 1384 651 cni
1407 612 1459 650 non
1482 597 1569 652 solum
1588 596 1684 665 nialus,
1699 600 1745 655 sed
1762 603 1843 656 etiaen

213 688 345 744 Dominus
367 687 424 755 ipse
449 687 481 739 ad
506 683 654 754 perfectam
677 701 726 739 nos
741 686 938 754 benignitatem
956 702 1002 739 ro·

213 797 290 848 cans,
308 780 369 835 ait:
387 779 496 849 btttqtte
521 779 642 832 iaitnieos
668 789 776 844 uestros,
796 779 939 847 benefacite
962 779 1002 834 lrir

212 877 259 949 qai
293 877 405 929 ederant
431 885 491 937 cor:
518 881 544 925 et
571 879 644 924 orate
665 887 713 940 pro
737 873 951 942 persequentibus
978 880 1002 923 et

214 967 437 1024 eatamntanutar
454 966 535 1030 robis,
550 972 579 1017 ut
598 964 656 1016 ritis
677 963 726 1032 p'lii
746 964 831 1032 patris
853 964 941 1027 centri,
958 962 1003 1031 qni

213 1059 242 1115 in
261 1061 329 1114 coelir
351 1067 388 1112 eat
410 1054 519 1125 (llattlr.
537 1070 561 1117 r,
579 1055 624 1120 t5,
638 1053 696 1122 ld).
713 1052 771 1108 Non
786 1062 828 1108 est
842 1055 913 1107 enim
930 1055 1002 1123 qnod

212 1151 254 1207 sic
270 1152 394 1206 bomioes
412 1149 467 1204 ilco
485 1149 571 1201 iaciat*
582 1146 721 1210 amabiles,
739 1154 769 1200 nt
789 1147 874 1216 pictas
903 1145 1003 1202 metuis

212 1251 242 1298 et
262 1243 380 1308 bonitas,
398 1258 457 1310 qnae
475 1248 548 1293 latita
568 1241 594 1293 in
614 1238 773 1293 Cltristiano
788 1255 849 1292 esse
866 1241 955 1302 debet,
974 1247 1003 1292 ut

214 1334 295 1388 etiam
312 1334 339 1386 in
360 1329 448 1386 malis
461 1331 591 1386 abundet.
618 1329 719 1398 licique
743 1329 865 1384 imitetur
883 1330 1001 1384 benevo-

1054 689 1158 744 otiosns
1174 703 1264 742 sermo
1281 687 1408 743 uitandus
1425 697 1477 745 est.

1087 778 1154 835 Car.
1175 778 1235 834 XX.
1258 810 1294 820 -
1316 780 1428 834 Summa
1454 780 1501 836 ubi
1528 783 1641 838 scientia
1667 785 1722 852 sit,
1749 787 1845 840 notitia

1054 887 1170 936 suttona,
1188 872 1252 926 vitia
1283 872 1453 942 virtutesque
1473 874 1652 943 distinguere,
1671 892 1731 946 quae
1761 893 1846 948 quan-

1054 978 1135 1032 quam
1155 979 1264 1032 senrper
1285 966 1422 1018 contraria
1440 963 1492 1018 sibi
1514 967 1580 1026 sint,
1596 967 1684 1034 aliqua
1706 976 1795 1024 tamen
1811 985 1845 1023 er

1053 1055 1094 1111 cis
1115 1064 1190 1111 tanta
1213 1057 1365 1125 junguntur
1388 1056 1576 1122 similitudine,
1594 1071 1624 1111 nt
1645 1059 1764 1114 discerni
1785 1077 1846 1114 om·

1054 1146 1120 1199 nino
1141 1146 1184 1199 tir
1210 1146 1325 1214 possint.
1342 1145 1428 1211 Quam
1453 1146 1527 1201 rttnlti
1544 1149 1616 1203 enim
1637 1151 1794 1220 superbiam
1810 1151 1845 1207 li·

1053 1238 1168 1293 bertatis
1194 1239 1253 1293 loco
1277 1241 1395 1306 ducunt,
1415 1240 1599 1296 adulationem
1621 1256 1672 1312 pro
1691 1244 1845 1301 bumilitate

1054 1331 1226 1398 sttscipinnt,
1273 1330 1404 1384 malitiam
1449 1333 1601 1401 prudentiae
1646 1334 1846 1403 arnplectnntnt·

214 1425 339 1489 lentiam,
356 1425 402 1494 qni
418 1423 503 1478 solem
519 1438 598 1476 suurn
615 1423 679 1475 oriri
696 1421 760 1474 lacit
778 1435 860 1489 super
875 1423 962 1477 bonos
976 1431 1005 1476 et
1053 1420 1123 1486 rice,
1148 1431 1177 1475 ct
1204 1421 1340 1490 stultitia„
1352 1421 1535 1491 simplicitatis
1564 1440 1660 1479 nomen
1681 1423 1736 1496 [lt.
1755 1427 1844 1481 stutu-

214 1518 312 1574 malos,
330 1527 355 1569 et
375 1517 442 1581 pluit
459 1529 542 1583 super
561 1514 651 1582 justos
675 1522 702 1566 et
721 1512 835 1582 injustos
850 1511 936 1583 (llam.
954 1528 1002 1578 sn,
1055 1513 1119 1566 tiam
1165 1512 1349 1581 simplicitatis
1396 1512 1520 1585 nomini]
1563 1514 1725 1582 imponunt,
1764 1528 1844 1587 atquc

215 1608 271 1678 ld).
289 1608 347 1663 lioe
363 1608 454 1676 itaque
468 1606 518 1661 tibi
543 1605 585 1659 rel
601 1607 627 1658 in
645 1606 740 1674 primis
756 1606 836 1668 absit,
854 1615 881 1657 ot
903 1607 1002 1659 irentini
1054 1603 1142 1658 laliaci
1168 1619 1200 1658 ac
1225 1605 1344 1674 pessima
1370 1604 1472 1672 decepti
1495 1606 1685 1673 similitudine,
1702 1607 1775 1661 ritiis
1796 1623 1845 1675 pro

213 1698 257 1753 rel
273 1699 299 1752 in
315 1699 398 1753 verbo
414 1698 495 1752 etiam
514 1710 625 1760 noceas,
648 1708 677 1753 ut
702 1701 728 1751 ln
750 1699 877 1752 aturribus
893 1699 1004 1766 qnibns·
1055 1696 1202 1751 virtutibus
1238 1696 1399 1767 gloriantur.
1427 1694 1461 1750 Et
1487 1712 1643 1766 quanquam
1673 1699 1731 1754 baec
1755 1703 1843 1752 utttttta

215 1804 323 1858 cunque
357 1788 477 1859 poteris,
502 1787 632 1858 prodesse
660 1790 787 1850 studeas,
808 1799 835 1842 et
859 1804 893 1841 ne
917 1790 1002 1842 ricem
1054 1790 1233 1844 subtilissima
1254 1789 1433 1859 intelligentia
1449 1792 1548 1845 debeas
1563 1806 1701 1861 separare,
1716 1802 1845 1848 cunctas·

215 1880 324 1949 qttidem
340 1879 401 1932 ntali
417 1880 544 1942 reddens,
558 1894 607 1946 pro
623 1877 700 1932 roralis
714 1879 795 1942 botta,
808 1878 916 1932 dicente
931 1878 1003 1948 dpo·
1054 1895 1108 1950 qne
1123 1881 1237 1936 uirtutes
1252 1894 1314 1934 cnm
1334 1879 1391 1934 suis
1410 1879 1499 1934 lineis·
1512 1880 1692 1950 insequendo,
1710 1896 1843 1952 retorquam

215 1973 297 2034 stolo,
313 1971 452 2025 restituas.
469 1969 613 2039 liuttqnom
629 1969 762 2024 detractio
777 1987 808 2024 cr
826 1987 873 2024 ore
890 1970 1002 2039 uirginis
1019 1939 1040 1992 Β
1055 1988 1168 2043 prorsus
1184 1972 1329 2028 abscedere
1346 1990 1352 2027 :
1369 1972 1504 2042 precipue
1524 1982 1613 2027 tamen
1631 1973 1719 2027 lictant
1738 1973 1844 2026 butroti·

215 2063 357 2133 procedat.
376 2061 474 2116 Vilium
490 2063 556 2116 satis
575 2062 713 2117 bominum
736 2071 788 2125 est,
806 2071 831 2116 et
849 2077 924 2116 stram
944 2064 1003 2116 lau·
1055 2069 1138 2117 tatem
1161 2063 1277 2137 lugiens,
1295 2064 1369 2118 iilam
1393 2072 1499 2117 sectare
1523 2079 1583 2135 quse
1606 2078 1669 2118 rera
1693 2073 1744 2130 est,
1762 2079 1843 2131 quam

216 2153 276 2208 deur
296 2156 488 2225 quaerentium,
507 2154 573 2209 alios
594 2155 661 2208 viles
681 2154 786 2222 lacere;
807 2154 869 2224 qnia
892 2154 1004 2208 alterius
1054 2155 1181 2213 cbristus
1196 2157 1301 2224 docuit,
1315 2157 1507 2220 humilitatem,
1521 2157 1546 2226 in
1562 2172 1614 2226 qua
1630 2171 1683 2210 non
1699 2158 1735 2209 sit
1749 2170 1844 2224 supera

215 2244 415 2314 vituperatione
434 2260 463 2300 se
480 2246 586 2301 laudari
613 2254 727 2316 pntant;
748 2255 772 2298 et
797 2246 859 2314 quia
881 2260 931 2300 suo
950 2260 1005 2300 rue·
1055 2249 1099 2304 bia
1127 2249 1245 2304 inclusa.
1272 2248 1347 2304 llnlti
1376 2251 1448 2303 enim
1473 2248 1552 2315 tritius
1574 2249 1681 2302 virtutis
1708 2250 1842 2309 tnrdnom,

214 2339 269 2393 rito
284 2336 393 2408 placere
411 2353 465 2392 non
480 2348 606 2404 possunt,
621 2337 729 2405 placere
743 2336 837 2391 rolnut
853 2337 879 2391 iu
896 2351 1005 2406 compa·
1056 2340 1198 2395 veritatem
1214 2340 1274 2408 ejus
1290 2350 1443 2409 sequuntur
1457 2341 1546 2408 pauci.
1567 2337 1699 2392 Perfacile
1714 2346 1756 2391 est
1771 2338 1843 2391 enim

216 2427 322 2482 ratione
345 2428 481 2498 pejorum.
505 2425 603 2481 Parum
628 2428 755 2492 diximus,
773 2441 826 2481 nott
844 2427 929 2481 solnm
947 2428 1004 2496 ipsa

216 2533 271 2575 non
283 2521 436 2588 pertrahas,
449 2522 495 2575 sed
513 2536 546 2574 ne
563 2519 716 2574 detrahenti
733 2519 842 2587 quidem
859 2518 1005 2590 aliquando

216 2613 323 2666 credas.
351 2611 501 2666 Pessimum
529 2621 572 2667 est
592 2611 644 2666 buc
668 2613 773 2674 titium,
793 2610 864 2678 quod
889 2611 1004 2666 alterum

215 2702 296 2760 rilem
314 2703 378 2759 lacit
394 2703 490 2759 rideri.
508 2702 567 2757 Non
582 2705 674 2757 minus
688 2703 801 2756 auribus
816 2717 899 2772 quarn
915 2702 1005 2772 linqua

216 2797 303 2867 lttqias
323 2799 528 2853 detractionem.
563 2795 709 2864 Scriptura·
725 2806 914 2860 memoresto,
944 2811 1005 2865 que

216 2891 281 2943 dicit
300 2908 307 2942 ι
323 2887 384 2942 Νοιι
403 2891 454 2942 erit
471 2896 663 2942 eorrsentaneur
679 2888 865 2957 deroqantt'lnr
883 2888 1006 2944 aduersas

215 2983 367 3051 proximum
383 2993 468 3048 ιιιιιιιι,
483 2990 508 3037 et
522 2997 574 3036 ιιοιι
590 2981 701 3050 accipies
716 2997 794 3050 saper
808 2981 854 3035 illo
868 2997 1004 3052 peccatam

215 3071 311 3146 (berit.
327 3091 364 3138 tx,
383 3075 439 3141 l8).
455 3072 487 3126 Et
507 3073 571 3126 alibi
588 3087 596 3129 ε
611 3071 674 3144 Sepi
695 3089 773 3127 aures
791 3081 850 3126 tuas
871 3075 963 3143 spinis,
979 3084 1003 3129 et

216 3165 272 3219 oeli
287 3165 378 3218 andire
391 3166 509 3235 linqaant
525 3179 637 3234 nequam
654 3162 752 3233 (Ereti.
772 3179 869 3230 xrttn,
881 3166 940 3236 stt.
956 3167 1007 3220 de-

1055 2429 1174 2499 aliquam
1196 2439 1300 2484 restem
1324 2430 1424 2484 babere
1451 2438 1617 2491 contentam,
1640 2429 1760 2481 salutare
1782 2430 1845 2481 snb·

1055 2523 1178 2588 raissius,
1201 2538 1298 2576 malms
1320 2533 1347 2575 et
1371 2537 1456 2592 geonta
1484 2521 1649 2584 deosculari,
1666 2519 1795 2574 inclinato
1817 2522 1843 2572 in

1057 2624 1155 2670 terram
1178 2614 1277 2683 capite,
1293 2613 1433 2682 oculisque
1456 2613 1586 2682 tlejectis,
1609 2613 1788 2667 bumilitatem
1813 2627 1845 2666 ac

1057 2706 1291 2762 mansuetudinem
1311 2706 1444 2776 polliceri,
1461 2706 1533 2760 lenta
1555 2720 1618 2759 verce
1633 2705 1766 2782 *tenuique
1785 2721 1844 2758 ser·

1057 2817 1154 2857 mones
1177 2802 1337 2870 inlrioqere,
1354 2803 1494 2867 suspirare
1514 2801 1647 2861 crebrius,
1664 2810 1690 2853 et
1708 2801 1740 2852 ad
1764 2815 1845 2855 orttne

1058 2893 1170 2948 terbum
1189 2904 1361 2958 peccatorem
1384 2910 1414 2946 ne
1433 2892 1561 2947 miserum
1582 2908 1611 2946 se
1631 2893 1759 2945 clamare.
1775 2891 1808 2944 Et
1822 2893 1845 2944 si

1058 2985 1100 3043 rei
1126 2986 1176 3040 leri
1203 3001 1330 3041 serntone
1356 2983 1477 3041 odertsus
1501 2985 1550 3047 sit,
1573 2984 1700 3039 continuo
1724 2984 1845 3038 attollere

1058 3081 1244 3151 supercilium,
1264 3079 1356 3135 letare
1384 3079 1530 3141 cervicem,
1550 3089 1577 3132 et
1599 3077 1744 3133 delicatum
1769 3078 1844 3132 illmn

1058 3174 1115 3226 oris
1131 3188 1227 3226 sonum
1251 3172 1347 3246 insano
1366 3180 1475 3240 repente
1489 3170 1608 3224 clamore
1625 3180 1739 3224 mutare.
1757 3171 1844 3224 liliam

213 3268 326 3311 cusator
341 3265 383 3311 est
397 3257 466 3310 enim
482 3255 602 3320 auditor,
615 3255 661 3324 qni
676 3256 741 3311 iacit
754 3255 946 3322 detractorem,
958 3257 1004 3326 qui
1019 3283 1042 3340 c
1059 3280 1109 3320 nos
1122 3264 1303 3318 paternitatem
1320 3262 1446 3318 emistus
1463 3263 1564 3327 docuit,
1580 3263 1625 3331 qni
1643 3278 1692 3316 nos
1707 3262 1740 3315 ad
1756 3277 1846 3315 errtn.

214 3349 240 3404 si
261 3359 368 3402 avertat
390 3364 481 3413 aures,
500 3357 527 3402 et
553 3350 655 3402 tultum
681 3349 837 3416 contrabat,
855 3364 888 3404 ae
912 3352 1004 3405 octtlns

216 3439 361 3494 obtinendo
376 3440 526 3504 continent,
546 3440 615 3494 rnaic
633 3439 789 3509 loquentem
806 3441 888 3495 etiam
913 3452 1005 3498 tacens

215 3532 315 3603 aequit,
331 3544 361 3585 ut
377 3532 463 3586 discat
481 3548 533 3584 non
555 3531 672 3586 libenter
686 3532 791 3595 dicere,
807 3532 879 3601 quoti
900 3533 1002 3589 didice-

216 3626 252 3679 rit
275 3641 328 3679 oon
354 3625 472 3678 libenter
496 3624 595 3678 audiri.
623 3622 775 3679 Sollicitam
801 3628 870 3682 satis
895 3628 935 3681 ori
959 3636 1005 3682 tuo

217 3717 369 3772 custodiam
386 3731 466 3784 pone.
483 3713 541 3771 Non
559 3718 632 3773 enim
648 3728 689 3772 est
709 3717 855 3788 quidquam
870 3718 899 3774 in
914 3719 1003 3786 uoltis,

216 3828 271 3884 quo
293 3813 401 3868 lacibus
419 3827 533 3883 peecare
553 3812 690 3883 possimus
706 3828 788 3884 quam
807 3812 908 3884 linqua.
928 3810 1006 3868 Unde

216 3914 328 3961 sanctus
344 3904 463 3960 lacobus
484 3906 560 3960 illum
584 3921 647 3961 esse
662 3905 814 3977 perlectum
834 3906 944 3972 asserit,
959 3905 1005 3977 qni

216 4014 269 4052 nan
280 3999 389 4068 offendit
402 3999 428 4051 in
441 3999 517 4052 serto
531 3998 603 4071 (lae.
616 4013 657 4065 nt,
670 3997 711 4068 ξ).
725 3997 758 4051 Ει
771 3995 910 4066 Scriptura
922 3998 1004 4054 dicit:

215 4086 291 4145 Here
315 4093 412 4144 etrite
435 4101 472 4145 est
498 4091 526 4144 in
551 4090 672 4144 maridas
691 4090 789 4157 linque
811 4088 890 4160 (Sap.
910 4107 930 4153 t,
951 4090 1004 4158 ll).

217 4182 327 4240 ilentiri
347 4195 449 4249 antem,
468 4184 630 4239 maledicere
646 4193 726 4255 atque
739 4184 834 4256 iurare
852 4184 944 4255 lingna
961 4193 1005 4239 toa

212 4280 333 4333 mesciat.
347 4274 416 4344 Qnia
430 4289 457 4331 et
472 4291 503 4330 os
516 4277 587 4346 quoti
601 4277 743 4341 mentitur,
755 4275 857 4331 oceidit
870 4278 1004 4331 anirnatn:

213 4366 253 4424 et
263 4371 309 4441 qai
318 4371 489 4435 maledicunt,
502 4385 608 4440 requam
621 4368 670 4424 oet
680 4359 732 4423 aaa
742 4369 921 4435 possidebant,
929 4367 1005 4436 justa

211 4463 377 4533 apostolum
395 4461 421 4534 (l
437 4461 500 4517 Car.
517 4478 543 4527 r,
561 4463 616 4531 ll).
634 4460 668 4515 Et
688 4460 784 4531 jurare
804 4461 861 4530 ipse
881 4459 1005 4514 (liniatus

210 4555 367 4625 probibuit,
381 4555 426 4624 qui
442 4555 510 4608 dixit
525 4570 532 4608 ι
551 4550 607 4624 Epo
620 4562 709 4608 autem
725 4553 784 4606 dico
798 4553 879 4616 uelit,
896 4567 946 4606 ιιοιι
962 4551 1006 4620 p'a·

1058 3354 1131 3426 plum
1141 3372 1220 3410 snum
1231 3356 1365 3421 bortatur,
1376 3353 1471 3408 dicens
1481 3369 1488 3406 :
1500 3351 1595 3406 Discite
1607 3371 1622 3406 a
1635 3355 1755 3423 me,quia
1774 3355 1845 3407 oritis

1058 3464 1116 3502 suot
1128 3458 1152 3502 et
1163 3446 1270 3500 ltamilir
1283 3446 1360 3501 corde
1375 3444 1484 3518 (llottlt.
1500 3462 1538 3511 rt,
1548 3446 1605 3516 29).
1622 3448 1673 3513 Qui
1688 3463 1748 3501 curn
1764 3448 1847 3500 nale·

1059 3541 1205 3605 diceretur,
1229 3554 1282 3594 non
1312 3539 1506 3604 maledicebam
1531 3555 1593 3594 eum
1618 3549 1765 3610 poteretur,
1793 3557 1845 3593 nrm

1058 3634 1288 3687 eotttminabatur.
1317 3630 1403 3697 Quam
1434 3631 1514 3685 nobis
1540 3631 1720 3686 humilitatem
1751 3631 1847 3686 beatos

1059 3721 1156 3780 Petrus
1182 3720 1303 3779 insinuat
1320 3739 1328 3779 :
1345 3721 1542 3789 Misericordes,
1557 3722 1653 3792 inquit,
1677 3733 1700 3776 et
1723 3722 1846 3786 inedies,

1060 3833 1111 3872 nou
1125 3818 1259 3872 reddentes
1283 3815 1380 3869 orelam
1397 3833 1444 3885 pro
1464 3814 1544 3882 maio,
1558 3832 1603 3870 aee
1617 3815 1784 3870 ntaledictum
1800 3832 1846 3882 pro

1060 3909 1198 3964 ntaledt'eto
1209 3905 1235 3977 (l
1245 3905 1321 3961 Patr.
1330 3905 1429 3976 usti).
1442 3904 1607 3958 dulernntur
1618 3904 1707 3957 otrtoia
1720 3904 1845 3973 stqtttenta

1060 4003 1216 4066 verborum,
1230 4008 1337 4055 cessent
1352 3994 1473 4053 sitnnlati
1486 4005 1590 4064 gestus,
1606 4002 1633 4046 et
1649 4005 1711 4048 ante
1724 3995 1848 4049 occasio·

1061 4108 1124 4147 neto
1148 4106 1236 4147 sermo
1260 4088 1393 4160 placidus.
1415 4085 1515 4143 ilerum
1533 4083 1588 4158 [di.
1605 4085 1702 4158 rirtnn]
1720 4086 1846 4140 immilem

1061 4181 1188 4253 patientia
1209 4179 1329 4235 ostendit
1351 4177 1470 4247 injurie.
1492 4177 1589 4232 Nullus
1607 4192 1671 4248 erqo
1687 4194 1803 4245 unquam
1820 4179 1846 4230 in

1062 4283 1152 4328 attente
1174 4283 1220 4327 tua
1243 4271 1316 4326 illins
1333 4271 1370 4325 sit
1391 4271 1450 4325 uitii
1468 4270 1554 4326 locus.
1578 4268 1650 4323 Niltil
1669 4270 1695 4323 in
1714 4280 1738 4323 te
1753 4283 1850 4339 auper-

1060 4367 1142 4433 ouo,
1174 4363 1243 4418 nton
1270 4347 1417 4434 attogius,
1442 4362 1508 4416 niun
1530 4363 1645 4431 reosque
1664 4362 1847 4416 ιιιιιιιιιιι..

1059 4458 1139 4529 Apud
1160 4456 1246 4512 [leont
1269 4472 1323 4511 oon
1346 4466 1387 4510 est
1410 4455 1559 4524 quidquam
1584 4454 1737 4508 lrnuriiitotc
1765 4454 1849 4507 subli-

1060 4553 1143 4607 mius.
1161 4552 1222 4620 lpse
1244 4550 1364 4621 loquitur
1389 4561 1436 4618 per
1458 4547 1618 4617 propintom
1638 4562 1646 4600 ι
1665 4544 1749 4613 Sapei·
1772 4561 1848 4614 quem

212 4661 278 4701 rare
294 4648 412 4702 vernido.
436 4644 469 4702 Et
491 4660 597 4699 rursum
618 4644 686 4700 :Sit
707 4653 793 4699 autent
811 4660 896 4698 sermo
913 4653 1005 4708 uester,
1023 4639 1046 4694 b
1061 4644 1145 4698 aliam
1164 4643 1323 4712 requiescant
1344 4639 1398 4712 [tlt.
1417 4639 1578 4711 respicienti,
1596 4639 1648 4692 nisi
1667 4653 1745 4707 super
1761 4636 1848 4689 dutrii·

210 4749 268 4805 est,
284 4753 324 4792 est
335 4753 345 4793 .·
356 4754 420 4804 oea,
436 4749 508 4791 trata:
523 4737 593 4808 quad
611 4746 699 4790 autem
714 4736 828 4804 arripitur
844 4742 893 4800 ert,
908 4751 923 4785 a
936 4733 1006 4786 ternio

209 4839 258 4887 est
269 4829 378 4902 (llattlt.
392 4846 417 4896 v,
434 4829 479 4896 dd,
494 4828 550 4902 dl).
567 4828 724 4898 Apostolus,
739 4826 860 4882 breviter
872 4825 928 4880 oris
944 4827 1005 4879 sitia

213 4938 357 4990 resecans,
374 4926 413 4978 ait
425 4939 433 4982 ε
445 4923 533 4978 Omnis
549 4937 635 4977 sante
648 4922 734 4975 rrtnlas
748 4937 780 4974 ea
796 4936 840 4974 are
856 4929 940 4973 uestro
955 4935 1006 4971 tran

213 5016 360 5087 procedam
375 5016 419 5070 sed
442 5014 465 5068 si
485 5015 542 5083 quis
559 5013 692 5067 donared
708 5013 912 5082 aedificationem
931 5009 1005 5078 fidei,

216 5118 247 5164 stt
263 5108 305 5162 det
327 5107 443 5179 qratiam
463 5107 628 5160 audientibus
645 5104 755 5178 (Epires.
772 5120 809 5170 tv,
826 5104 882 5174 tu).
898 5104 940 5159 Sit
959 5121 1007 5158 aa·

212 5207 273 5255 tero
287 5212 378 5254 sermo
391 5197 503 5267 rbqinis
520 5198 640 5267 prudens
654 5197 709 5270 [tt.
723 5194 854 5268 pudens],
869 5195 1006 5251 modestus

215 5299 245 5349 et
262 5307 350 5359 rarus,
366 5305 417 5345 nec
439 5299 492 5344 taut
515 5290 671 5359 eloquentia
694 5291 830 5360 pretiosos
852 5302 933 5358 quam
954 5304 1005 5359 pu-

216 5385 295 5440 dore.
312 5387 441 5439 llirentnr
457 5398 552 5437 onmes
573 5393 657 5450 tuam,
682 5391 708 5438 te
734 5390 849 5447 tacente,
872 5395 1004 5435 verecon-

216 5475 306 5544 diarn;
328 5485 353 5531 to
368 5475 494 5545 loquente
526 5476 711 5545 prudentiam.
734 5473 799 5530 llite
819 5490 849 5529 ac
870 5473 1004 5545 placidum

209 5550 325 5638 'serttper
340 5567 478 5637 eloquium
495 5577 580 5622 tonitr.
595 5566 681 5622 Ornet
697 5568 776 5621 sitista
795 5582 856 5621 cum
873 5566 1005 5637 grauitate

217 5660 349 5727 suauitas,
365 5675 426 5715 enm
444 5659 547 5731 pudore
563 5660 708 5730 sapientia.
730 5659 759 5714 Si
777 5669 851 5713 certa
870 5668 951 5727 atquc
972 5658 1006 5711 li-

214 5750 313 5817 brata,
341 5755 438 5823 striqne
464 5755 670 5824 opportunitate
699 5750 873 5823 gratissima,
902 5751 1004 5806 silentii

214 5843 345 5918 verbique
358 5846 440 5900 ratio.
456 5843 512 5901 Nec
528 5833 647 5914 unquam
664 5845 776 5898 omnino
791 5843 903 5914 uirginis
919 5859 950 5899 os
966 5845 1006 5899 lo·

213 5931 326 6007 quatur,
344 5947 374 5997 nt
397 5936 516 5995 uenisse
539 5936 638 5994 melius
661 5935 791 5994 sindon
816 5934 919 6006 ingenti
937 5949 1002 5991 can·

1059 4736 1122 4804 lent,
1138 4746 1162 4791 et
1178 4737 1305 4805 quietum,
1325 4743 1350 4786 et
1376 4742 1525 4786 trementem
1542 4746 1674 4783 sernrones
1697 4744 1765 4780 areos
1782 4726 1849 4794 (isa.

1060 4844 1133 4893 extr,
1150 4826 1195 4897 2)i
1214 4827 1245 4881 Et
1262 4839 1400 4895 tutnquam
1422 4824 1448 4877 iu
1471 4823 1537 4875 iram
1556 4821 1717 4876 exardescat
1732 4822 1849 4882 attinnrs,

1060 4921 1133 4992 quod
1157 4928 1199 4975 est
1224 4917 1401 4973 seminarium
1421 4916 1486 4968 onii.
1504 4911 1610 4967 Tantus
1633 4924 1752 4966 tuctttem
1779 4922 1850 4964 tuam

1060 5013 1163 5081 repleat
1178 5010 1260 5065 tintor
1276 5011 1336 5072 Dei,
1350 5017 1379 5062 ut
1394 5006 1529 5076 indignari
1545 5007 1655 5059 otrtnino
1671 5019 1723 5056 noo
1737 5007 1850 5063 arideus,

1060 5107 1177 5163 stiram
1202 5114 1274 5158 metu
1298 5102 1404 5156 vitreas.
1426 5100 1526 5153 beatus
1539 5096 1699 5165 Apostolus,
1718 5095 1852 5147 mundans

1060 5200 1178 5252 enititum
1195 5205 1330 5259 nostram,
1344 5208 1459 5262 can-quc
1474 5192 1500 5245 io
1516 5187 1699 5244 habitaculum
1719 5187 1765 5239 llei
1783 5201 1852 5256 pra·-

1060 5301 1169 5357 parans,
1190 5284 1289 5339 clatnat
1309 5294 1337 5336 et
1356 5282 1422 5336 dtctt
1439 5297 1446 5336 2
1464 5279 1556 5334 Οιιιιιὶι
1575 5277 1738 5340 antaritado,
1757 5286 1781 5329 et
1799 5278 1850 5336 ira,

1059 5391 1084 5433 et
1109 5380 1268 5448 iadiqrratio,
1287 5388 1310 5429 et
1334 5375 1444 5439 elanrer,
1460 5382 1489 5440 ιιΙ
1503 5371 1667 5442 blaspltentt'a
1683 5368 1852 5435 ottscretara

1060 5471 1132 5526 radia
1145 5487 1203 5523 cunt
1217 5470 1288 5523 ourrri
1300 5468 1404 5521 malitia
1419 5463 1527 5536 (Epiros.
1542 5462 1639 5531 tt,3l).

1095 5563 1161 5618 Cre.
1180 5561 1252 5619 Xlil.
1272 5588 1305 5601 —-
1320 5559 1482 5614 Adulatores
1502 5568 1530 5608 ot
1550 5555 1677 5610 inimicos
1694 5570 1769 5619 care,
1786 5572 1853 5623 qno·

1060 5672 1119 5711 rum
1145 5671 1289 5712 scrumnes
1319 5669 1401 5722 super
1426 5652 1516 5705 oleum
1543 5650 1648 5714 molles,
1666 5659 1693 5702 et
1715 5648 1764 5717 ipsi
1791 5659 1856 5701 sunt

1058 5749 1159 5820 jacula.
1182 5749 1365 5818 Corrumpunt
1382 5745 1452 5801 iretis
1470 5743 1594 5798 laudibus
1611 5743 1682 5794 letes
1699 5743 1805 5794 anirttas
1826 5751 1853 5793 et

1060 5842 1134 5896 male
1157 5840 1276 5895 credulis
1302 5842 1438 5894 noctitibus
1461 5840 1589 5894 blandum
1612 5838 1708 5889 suiuus
1733 5833 1857 5903 inssignut

1066 5932 1123 6006 [tlt.
1141 5934 1297 6007 indagant]
1318 5937 1410 5991 licerit
1427 5934 1478 5990 boc
1495 5931 1525 5989 in¹
1538 5944 1632 5990 trustra
1656 5940 1733 5986 atate
1750 5932 1855 5985 ritinnt,
