4109 6434
207 408 263 475 ela

617 385 623 395 ’
704 407 911 472 rxuostrto
925 408 967 472 tu
982 408 1100 472 uetsr.
1120 408 1171 470 ao
1189 406 1318 469 ostar

1788 394 1856 460 sso-

206 521 268 577 bito
282 519 426 576 maledieto
442 520 501 593 eius
517 523 638 576 nostrum
651 516 770 574 debitum
788 519 1037 591 compensatumA
1086 538 1096 571 ι
1116 516 1247 573 Ordinato
1276 531 1325 587 per
1340 516 1461 587 angelos.
1482 512 1568 570 siloc
1588 514 1650 569 loeo
1668 512 1772 577 llosen,
1798 512 1845 568 bel

207 625 260 679 cst,
278 623 306 668 ut
324 612 421 668 liberet
438 621 613 668 transcuntes
630 611 662 663 ad
677 610 769 668 tidem

247 725 257 758 ι
275 704 342 774 Quia
359 707 568 777 scriptumest:
584 701 745 758 Maledictus
758 702 848 758 omanis
864 704 910 773 qni
936 716 1003 771 peu·

207 800 254 855 det
268 798 295 852 in
311 797 394 867 ligno.
411 816 420 849 r
438 796 484 852 Sic
499 805 542 850 est
559 795 692 864 scriptum
710 811 717 852 :
733 793 762 849 Si
777 796 820 848 eui
835 795 914 864 suerit
926 795 1003 864 jndi-

209 892 282 945 cium
299 889 404 953 mortis,
424 889 588 953 suspendetis
613 903 672 942 eum
697 889 724 941 iu
747 885 820 957 ligno
838 886 929 954 (licut.
945 902 1002 952 nt,

209 985 269 1055 ιι).
288 982 346 1038 Non
371 984 431 1038 ideo
447 982 618 1050 maledictus,
636 983 699 1052 qnia
728 983 844 1054 pendet;
868 982 916 1038 sed
943 983 1004 1037 ideo

208 1077 322 1145 pandet,
342 1075 405 1144 qnia
434 1073 607 1129 maledictus.
630 1072 756 1129 Clu·istus
779 1088 857 1145 ergo,
876 1074 920 1130 cui
950 1089 1004 1128 non

208 1175 270 1222 erat
280 1165 412 1234 judicium
425 1165 533 1232 mortis,
548 1179 598 1221 aree
611 1178 693 1221 eausa
704 1165 853 1221 subeundae
864 1165 966 1229 erucis,
978 1176 1006 1220 et

211 1256 349 1312 ursledieti
365 1266 469 1322 reatus,
488 1271 537 1325 pro
558 1257 637 1312 nobis
657 1256 831 1312 maledictum
858 1255 1006 1325 suscepit:

210 1346 277 1418 qtaia
296 1363 392 1404 ornnes
410 1348 549 1404 maledieti
575 1363 697 1414 eramus,
717 1356 745 1402 et
765 1348 851 1403 debiti
875 1348 960 1418 ligno,
977 1355 1004 1403 el

212 1439 275 1494 ideo
290 1440 450 1507 maledieti3
469 1439 530 1509 quia
548 1454 601 1493 non
622 1437 824 1510 permansimus
840 1438 867 1492 in
882 1438 1008 1495 omnibus

214 1546 276 1601 qua
288 1532 390 1600 scripta
409 1541 489 1586 eraut
502 1528 530 1587 in
546 1531 615 1601 lege.

252 1621 315 1678 (ιιι
338 1623 513 1694 ingentibus
548 1622 703 1678 benedictio
733 1624 849 1679 llbrabae
881 1623 958 1678 lleret
982 1623 1009 1677 ia

190 1768 196 1776 ,
217 1713 416 1770 Christolesu.
438 1732 447 1766 s
466 1715 571 1771 Utsola
591 1714 643 1769 lide
656 1724 751 1784 gentes
781 1715 1010 1770 benedicerentur

213 1807 242 1862 lu
256 1803 378 1871 Cbristo,
395 1807 465 1861 sieut
479 1807 644 1877 prorutissnm
658 1808 747 1861 luerat
759 1807 886 1862 Abrabae.

251 1913 262 1948 ι
275 1896 309 1952 ιιι
318 1896 541 1967 pollicitationem
552 1898 663 1965 spiritus
672 1899 836 1967 accipiamus
845 1911 893 1966 pcc
902 1898 1009 1952 iidem.»

218 1986 286 2054 uoae
300 1988 461 2057 pchoelent
487 1991 648 2060 prophetam
679 1991 752 2044 ononi
768 1989 844 2044 carol
874 1991 1011 2059 promissa

217 2089 270 2145 est,
283 2080 310 2134 id
327 2087 379 2145 est,
396 2081 524 2136 uniuerso
538 2081 630 2149 generi
645 2081 798 2136 bominum.

258 2172 396 2235 rFratres,
409 2176 557 2229 seeundum
580 2174 719 2228 bominem
745 2174 808 2229 dico
824 2181 934 2230 :tamen
960 2174 1011 2229 bo·

221 2266 304 2320 minis
321 2265 510 2321 confirmatum
537 2276 744 2322 testamentum.
767 2269 922 2324 illumatio
949 2284 1012 2322 uror

220 2358 345 2427 exemplo
363 2359 541 2429 :comparari
573 2361 645 2413 enlm
669 2360 790 2415 bumana
820 2360 930 2425 divinis,
948 2373 1011 2430 prro·

219 2456 280 2519 pter
319 2449 515 2505 evidentiorem
549 2449 716 2505 intellectum
749 2459 876 2521 possunt,
909 2453 1011 2522 aequari

218 2554 273 2598 uon
297 2549 422 2611 possunt.

256 2650 267 2685 ι
287 2632 372 2690 Nemo
389 2635 502 2703 spernit,
522 2645 568 2691 eut
582 2634 783 2705 superordinat.
800 2636 916 2692 rlbrabc
934 2636 1012 2693 dictae

1053 623 1080 667 ct
1099 611 1274 666 Hebraeorum
1300 609 1504 674 mediatorem,
1525 607 1660 679 significat
1687 606 1773 675 legent
1800 617 1849 672 per

1054 704 1179 775 angelum
1200 702 1306 759 bomini
1323 703 1463 771 accepisse
1478 718 1485 765 ;
1498 701 1570 757 sicut
1585 701 1613 754 in
1640 699 1710 753 libro
1732 698 1861 751 lletuum·

1054 795 1237 868 apostolorum
1255 794 1410 856 Stephanus
1437 791 1591 849 ‹licimtltc
1618 800 1658 846 est
1689 788 1776 842 dieses
1803 787 1849 857 qui

1055 890 1108 959 suit
1118 888 1145 942 iu
1164 886 1285 942 Ecclesia
1303 889 1331 940 in
1345 885 1488 940 solitudine
1501 901 1560 938 eunt
1575 881 1681 954 angelo,
1697 883 1743 950 qui
1758 880 1849 944 loque-

1056 982 1135 1036 iatur
1149 981 1172 1036 ei
1187 982 1214 1035 in
1231 988 1319 1034 monte
1336 978 1403 1034 Siue
1418 977 1487 1049 (det.
1502 993 1552 1043 atr,
1572 976 1630 1045 38).
1650 974 1716 1029 ltem
1737 973 1852 1044 legimus

1056 1075 1167 1146 angelos
1180 1089 1228 1144 per
1239 1074 1325 1144 legem
1346 1086 1418 1142 saepe
1434 1070 1533 1141 populo
1547 1070 1673 1125 affuisse.

1096 1186 1105 1221 s
1127 1167 1156 1223 ln
1172 1182 1257 1222 maon
1276 1165 1445 1221 mediatoris.
1464 1182 1473 1216 r
1489 1163 1553 1220 Siue
1579 1162 1647 1218 llosi
1675 1161 1715 1232 (ut
1740 1159 1852 1231 quidam

1058 1261 1178 1332 putant),
1193 1260 1251 1315 sire
1278 1258 1477 1315 christiliam
1505 1267 1532 1313 et
1554 1257 1653 1323 bloscs,
1669 1254 1757 1321 aiunt,
1781 1253 1854 1310 inter

1060 1354 1144 1409 ileum
1162 1351 1327 1423 elpopnlum
1343 1351 1449 1407 medius
1466 1350 1527 1405 luit.

1098 1462 1107 1496 t
1123 1442 1255 1499 llediator
1269 1451 1360 1497 antem
1384 1442 1466 1498 unius
1478 1455 1532 1498 non
1544 1449 1595 1497 est.
1618 1459 1627 1494 r
1644 1439 1673 1496 ld
1703 1448 1755 1505 est,
1774 1439 1855 1495 uarius

1061 1537 1157 1607 partis.

1099 1629 1303 1684 «berrennam
1335 1624 1584 1683 unlusest.slloc
1617 1626 1678 1681 idco
1708 1623 1794 1689 addit,
1820 1636 1855 1676 ne

1062 1721 1123 1792 qnis
1135 1729 1241 1789 partanei
1258 1719 1405 1775 Christum·
1429 1718 1464 1774 ab
1475 1746 1478 1751 <
1489 1717 1592 1772 unitate
1627 1717 1725 1771 dirinm
1752 1720 1858 1768 naturae

1065 1811 1175 1882 penitus
1190 1826 1250 1867 esse
1263 1811 1379 1866 diuisum
1395 1826 1403 1864 a
1421 1810 1485 1880 quia
1502 1808 1663 1864 mediatoris
1690 1806 1859 1876 suscepisset

1066 1903 1194 1959 officiunt.

1102 1994 1184 2049 ‹Les
1217 2009 1282 2067 ergo
1306 1996 1438 2050 aduersus
1464 1993 1599 2060 promissa
1624 1993 1669 2048 liei
1686 1991 1808 2046 labsitl
1828 1987 1858 2043 si

1063 2090 1136 2145 enim
1149 2089 1212 2143 data
1225 2099 1301 2144 esset
1316 2089 1372 2154 lex,
1384 2103 1444 2158 quae
1459 2096 1551 2158 posset
1571 2086 1723 2150 rivillcare,
1739 2096 1804 2137 nere
1825 2095 1858 2134 cx

1063 2180 1124 2251 luge
1137 2190 1211 2236 esset
1224 2180 1341 2251 justitia.
1362 2198 1372 2231 s
1391 2179 1469 2234 Sient
1484 2178 1517 2233 ad
1539 2178 1677 2233 Bostrenos
1701 2174 1740 2228 ait
1756 2189 1763 2224 :
1782 2170 1859 2237 Quod

1063 2271 1223 2341 impossibile
1235 2281 1293 2326 crat
1310 2271 1371 2341 legi,
1381 2272 1407 2325 in
1423 2286 1474 2341 quo
1488 2265 1779 2338 infirrnolroturlllom.
1796 2277 1857 2330 rttt,

1063 2364 1103 2434 3),
1120 2363 1235 2430 scilicet,
1247 2379 1307 2432 quas
1322 2378 1338 2417 a
1356 2361 1466 2416 neurine
1477 2361 1651 2416 serrabatur.

1102 2477 1111 2508 ι
1129 2455 1183 2512 Sed
1200 2455 1335 2512 conclusit
1349 2453 1492 2527 Scriptura
1506 2453 1598 2507 onmia
1609 2451 1660 2508 sub
1674 2461 1808 2520 peccato:
1824 2461 1856 2508 ut

1063 2548 1208 2618 promissio
1219 2563 1251 2602 cx
1261 2547 1313 2601 lide
1325 2545 1499 2601 lesquristi
1514 2544 1627 2600 daretur
1640 2545 1826 2601 credentibus.
1840 2563 1849 2597 s

1063 2641 1232 2695 bduerriente
1246 2638 1368 2704 cbristo,
1384 2638 1429 2709 qni
1454 2636 1506 2692 sub
1523 2635 1581 2707 lege
1595 2636 1663 2691 blosi
1688 2646 1778 2704 erant,
1793 2653 1861 2692 eon·

219 2734 284 2782 sunt
310 2727 527 2795 promissiones,
551 2737 579 2782 et
601 2727 700 2782 semini
733 2728 808 2790 eiras«
819 2727 877 2784 Non
903 2728 1013 2784 dicitct
1062 2732 1130 2787 elusi
1149 2742 1212 2786 stant
1238 2740 1362 2802 peceato,
1379 2729 1402 2785 si
1433 2729 1503 2783 nltra
1527 2727 1555 2782 in
1570 2728 1639 2798 legis
1668 2728 1862 2785 obseruatione

222 2817 386 2883 senrinibns,
404 2819 483 2889 qnasi
497 2821 522 2872 in
545 2818 658 2874 nndtis:
678 2820 724 2874 scd
755 2821 832 2888 quasi
850 2820 875 2874 in
902 2836 968 2887 urro,
986 2831 1013 2876 et
1063 2838 1223 2894 permanere
1241 2821 1386 2877 voluerint.
1399 2820 1467 2887 Qnia
1482 2819 1620 2874 maledicti
1635 2818 1682 2899 qui
1707 2818 1810 2873 umbrae
1825 2818 1864 2874 le·

220 2910 318 2964 sonunt
333 2918 390 2974 ltttt,
406 2911 452 2981 qui
473 2919 514 2965 cst
539 2908 676 2967 Christus.
697 2927 706 2961 r
726 2910 793 2978 Quia
821 2919 882 2981 post
908 2921 1012 2967 tanatum
1063 2914 1104 2983 gis
1116 2917 1313 2978 deservierunt,
1339 2914 1610 2981 raritatepraesente.
1629 2909 1695 2965 ltern
1728 2910 1859 2975 ostendit,

229 3002 352 3072 emporis
368 3005 428 3058 data
445 3003 486 3059 let
503 3012 555 3060 est.

259 3094 343 3150 ailoe
366 3107 457 3150 antem
473 3096 535 3151 dieo
562 3104 756 3152 testamentum
781 3097 1011 3154 eonllrmatuma

221 3185 289 3242 lieo.
311 3204 322 3238 ι
341 3186 370 3240 ln
388 3187 496 3242 Christo
508 3186 583 3242 iesu.

258 3297 268 3329 ι
287 3276 352 3343 Quae
370 3287 430 3348 post
440 3279 656 3349 quadringentos
668 3288 696 3335 et
707 3280 817 3350 triginta
831 3295 926 3346 aornos,
942 3279 1012 3335 laeta

220 3378 264 3426 est
289 3368 354 3424 lex:
373 3384 426 3424 non
459 3371 568 3426 irritum
595 3371 662 3427 lacit
686 3372 719 3427 ad
746 3373 929 3428 evacuandam
951 3388 1013 3444 pro·

222 3460 395 3515 missionem.
414 3479 424 3513 ι
443 3457 482 3516 lie
500 3463 562 3531 quis
582 3473 730 3533 putctesse
748 3464 928 3529 eontrarium,
945 3478 1013 3533 qno·

221 3550 299 3607 triam
316 3551 342 3606 in
359 3552 427 3607 libro
441 3551 579 3609 Geneseos
594 3554 627 3608 ad
640 3555 777 3608 dlrrabam
795 3554 877 3609 abeo
893 3554 1013 3609 dicitur:

223 3638 300 3698 Scito
311 3656 484 3709 proerrosrene,
501 3645 571 3716 quod
590 3646 759 3717 peregrinum
780 3647 900 3713 [ulcerum
924 3650 959 3702 sit
976 3664 1015 3702 se·

222 3748 285 3790 taen
297 3743 370 3789 tuum
385 3737 559 3792 interranea
576 3755 624 3792 suo
642 3749 688 3793 :et
711 3740 908 3808 subjicientem
935 3741 1017 3795 sertri-

225 3827 290 3890 luti,
306 3838 330 3880 et
346 3828 457 3898 affligent
470 3830 674 3901 quadringentos
687 3848 770 3886 utrttoe
792 3831 869 3901 (Gen.
886 3847 932 3896 ιι,
947 3832 989 3902 lia)
1007 3849 1015 3899 ;

221 3918 315 3974 celric
341 3920 488 3990 Apostolus
506 3921 630 3993 ‘triginta
655 3936 742 3977 arianos
772 3923 889 3991 amplius
922 3933 1014 3994 ponat.

221 4008 303 4077 Quod
319 4014 498 4077 autemdicit,
521 4015 571 4070 boe
603 4024 656 4080 est,
686 4015 891 4085 septuagesimo
918 4015 1017 4086 quinto

222 4102 315 4159 aetatis
333 4119 388 4159 suae
414 4118 496 4171 antro,
515 4104 652 4161 Abrabam
684 4106 819 4174 accepite
848 4106 903 4162 lieo
925 4122 1019 4178 repro·

223 4192 398 4262 missionem,
416 4208 498 4264 aquo
515 4206 638 4264 tempore
669 4195 803 4265 usquead
830 4195 936 4249 initium
951 4195 1019 4266 legis

222 4278 362 4346 lloseicae,
379 4282 571 4355 quadringenti
583 4295 610 4339 et
625 4284 737 4354 triginta
752 4285 827 4350 anui,
847 4287 899 4339 bac
916 4286 1020 4339 rationis

222 4375 410 4446 complentur.
422 4374 461 4430 Er
478 4387 600 4448 tempore
622 4377 854 4447 repromissionis,
874 4392 962 4446 usque
985 4377 1020 4433 ad

226 4465 409 4521 ceurennum
438 4482 538 4523 autrum
568 4468 685 4524 dbrabae
701 4485 709 4524 :
724 4467 833 4535 ‹puurrdo
853 4467 928 4522 laaac
951 4468 1022 4523 ilius

227 4559 257 4614 el
280 4569 361 4616 natus
391 4559 453 4627 luit,
477 4559 717 4636 vigintiquinque
742 4561 807 4616 anai
833 4571 1021 4617 numerantur.
1038 4567 1194 4631 petrissa.

225 4650 331 4708 Postea
347 4651 443 4723 quinto
465 4653 552 4709 atatis
577 4667 659 4716 anno,
673 4653 749 4708 lsaac
775 4653 905 4724 parvulus
921 4654 956 4709 ab
980 4652 1021 4710 ls-

226 4741 318 4800 maele
333 4744 418 4812 eoepit
430 4743 534 4815 affligi:
553 4746 624 4801 sieut
652 4746 724 4801 idem
742 4743 888 4815 Apostolus
913 4745 940 4800 iu
971 4745 1022 4803 bae

224 4835 290 4906 ipsa
303 4834 424 4905 Epistola
447 4838 553 4893 scribit.
568 4836 716 4894 Evidentes
743 4852 810 4910 ergo
841 4846 1023 4905 monstratur,

225 4929 383 4986 secuudum
414 4945 571 4986 sermonem
601 4930 650 4987 bei
677 4931 712 4988 ad
739 4931 879 4988 Abrabam
902 4930 1022 5000 laetum,

224 5030 295 5096 post
310 5032 420 5078 centum
440 5023 552 5094 triginta
570 5038 657 5080 aornos
681 5026 914 5097 repromissionis,
931 5040 1023 5082 semen

224 5113 292 5184 ejus
303 5114 541 5184 persecutionibus
551 5115 679 5171 laborare
692 5115 822 5187 coepisse.

270 5224 281 5260 ι
300 5204 368 5262 liam
383 5208 405 5263 sl
421 5221 454 5264 cx
482 5207 540 5278 lege
572 5209 731 5276 baereditas,
748 5210 805 5281 jam
828 5226 883 5266 non
903 5227 936 5267 ex
963 5225 1026 5282 pro·

226 5299 375 5358 missione.
391 5301 510 5358 Abrabae
528 5311 618 5357 autern
632 5318 681 5374 per
705 5305 947 5375 repromissionem
977 5306 1027 5361 do·

228 5393 310 5450 navit
326 5391 409 5448 Deus.
428 5411 437 5446 r
458 5391 516 5449 Non
535 5409 581 5462 per
597 5393 694 5462 legem,
712 5410 774 5465 quaa
792 5395 906 5451 necdum
919 5407 989 5450 erat.

269 5505 280 5539 a
301 5485 371 5552 Quid
386 5486 468 5556 igitur
485 5488 527 5542 lex
542 5486 554 5541 ι
576 5505 584 5538 r
605 5486 694 5553 Quare
711 5503 776 5558 ergo
795 5490 856 5543 data
874 5498 915 5544 est
927 5489 992 5544 leri

270 5596 281 5628 ι
313 5575 429 5647 Propter
451 5578 697 5647 transgressionem
726 5578 813 5648 posita
850 5588 908 5646 est,
939 5582 1027 5636 «lintace

225 5669 340 5725 vestiret
355 5683 447 5724 semen
466 5670 509 5725 cni
524 5671 696 5740 promiserat.
714 5689 723 5723 r
743 5670 890 5743 Propterea
902 5674 962 5729 data
976 5681 1026 5740 est,

227 5779 262 5822 ut
279 5779 400 5818 nosrton
433 5764 597 5834 transgredi,
618 5764 660 5818 rel
688 5773 808 5836 cogeret,
837 5763 878 5818 rel
907 5765 1026 5833 doceret,

225 5857 403 5931 usquedum
422 5857 546 5914 Claristus
567 5858 680 5914 reniret.

1062 3008 1191 3077 qnoniam
1204 3022 1257 3060 non
1272 3007 1359 3075 potnit
1375 3004 1509 3068 irttcuiri,
1527 3003 1573 3071 qui
1596 3001 1710 3056 daretur
1740 3001 1858 3057 ereden-

1062 3100 1152 3155 tibus:
1170 3107 1198 3151 ut
1214 3113 1326 3152 arceessc
1340 3104 1413 3151 esset
1437 3095 1493 3150 sola
1516 3074 1568 3149 lule
1583 3092 1684 3149 salvari
1700 3091 1860 3154 eredentes.

1026 3212 1048 3271 c
1105 3190 1209 3245 «Prius
1226 3199 1328 3255 autem,
1341 3202 1423 3257 quam
1446 3186 1553 3241 reniret
1574 3185 1650 3240 lies.
1672 3183 1860 3255 »Priusquam

1067 3285 1183 3349 reniret,
1201 3282 1244 3337 eui
1261 3280 1448 3338 crederemus.

1105 3394 1115 3427 ι
1130 3373 1186 3430 Sub
1200 3374 1258 3444 lege
1272 3370 1503 3434 custodiebamur,
1519 3366 1640 3425 conclusi
1659 3367 1757 3422 ineam
1771 3366 1865 3440 isdem,

1068 3481 1128 3535 qum
1156 3464 1300 3519 revelanda
1333 3472 1446 3518 erat.»
1472 3459 1687 3516 Serrabamura
1718 3460 1776 3531 lege
1798 3458 1862 3515 huie

1070 3556 1143 3623 ddci,
1158 3572 1218 3627 qne
1230 3564 1290 3612 erat
1306 3570 1355 3611 sno
1368 3565 1489 3624 tempore
1503 3553 1659 3608 revelanda.

1111 3667 1121 3702 ι
1141 3648 1236 3718 ltaque
1251 3648 1293 3703 lex
1306 3646 1468 3718 paedagogus
1482 3652 1575 3699 noster
1588 3641 1639 3697 init
1651 3642 1679 3697 iu
1696 3640 1807 3697 Cbristo
1836 3647 1865 3696 ut

1072 3760 1106 3801 es
1120 3743 1173 3799 lide
1195 3741 1389 3814 justificemur.
1408 3737 1471 3792 lAd
1492 3734 1662 3805 disciplinam
1686 3747 1737 3789 nos
1764 3731 1866 3788 arctius

1073 3846 1237 3892 retentans:
1266 3831 1415 3903 perlectam
1448 3819 1601 3884 doctrinam
1636 3839 1701 3880 vero
1732 3824 1866 3895 magistro

1073 3927 1212 3982 seruabat.

1111 4037 1121 4071 ‹
1138 4019 1172 4071 bt
1189 4017 1235 4071 nbi
1252 4014 1324 4070 renit
1339 4013 1415 4079 ludes,
1426 4011 1483 4084 jam
1507 4025 1561 4086 noa
1583 4024 1679 4065 sumus
1694 4007 1745 4065 sub
1770 4006 1863 4079 paeda·

1073 4125 1178 4185 gogo.»
1197 4107 1327 4165 l'erlectae
1342 4106 1431 4163 etatis
1453 4101 1578 4175 discipuli
1602 4116 1656 4158 non
1673 4100 1796 4172 indigent
1812 4114 1866 4172 pae-

1075 4200 1126 4265 dag
1145 4211 1190 4267 go.

1114 4213 1325 4345 ‹vornnnsenrm
1349 4285 1396 4341 biii
1410 4284 1458 4341 liei
1473 4284 1598 4358 estisper
1624 4282 1717 4350 ddem,
1733 4294 1795 4352 que
1824 4287 1869 4337 est

1075 4384 1102 4439 in
1117 4382 1224 4438 cbristo
1248 4379 1326 4437 iesu.
1347 4395 1359 4433 s
1377 4377 1532 4448 AEqualiter
1550 4385 1579 4433 et
1607 4373 1694 4434 ludaei
1720 4384 1749 4431 et
1773 4379 1868 4448 gentes

1076 4491 1125 4548 per
1153 4475 1241 4532 solam
1276 4473 1356 4531 iidem
1388 4471 1437 4528 lllii
1455 4470 1505 4527 bei
1525 4468 1604 4537 estis,
1629 4483 1684 4543 qua
1712 4466 1869 4525 credidistis

1112 4680 1122 4713 ι
1140 4659 1303 4732 Quicunque
1314 4658 1388 4715 coint
1404 4656 1432 4712 lu
1445 4654 1555 4714 cbristo
1570 4653 1635 4711 iesu
1647 4652 1777 4726 baptizati
1789 4653 1867 4719 estis,

1073 4753 1212 4811 Christum
1235 4750 1404 4808 induistis.»
1428 4747 1529 4804 Filium
1552 4746 1601 4803 Dei
1633 4746 1740 4812 induti,
1761 4753 1790 4802 el
1818 4744 1868 4802 ιοιι

1075 4847 1195 4902 membra
1211 4844 1271 4914 ejus
1287 4843 1389 4909 allecti,
1408 4842 1455 4898 lllii
1468 4841 1514 4897 liei
1535 4841 1607 4908 sitis,
1627 4853 1739 4896 neeesse
1754 4847 1819 4912 est:
1837 4845 1870 4893 ut

1074 4939 1139 5010 quid
1157 4951 1223 5008 ergo
1239 4937 1318 4993 robis
1346 4935 1402 5003 les,
1427 4949 1488 5006 quae
1509 4933 1597 4991 serris
1624 4940 1653 4987 et
1680 4928 1869 5002 peecatoribus

1075 5029 1139 5086 data
1155 5038 1209 5094 est,
1224 5027 1324 5098 quibus
1348 5043 1397 5099 per
1417 5026 1584 5101 baptismum
1615 5032 1728 5098 peecata
1755 5021 1869 5079 remissa

1077 5123 1167 5179 eunti

1115 5234 1126 5269 ι
1142 5215 1200 5272 lion
1217 5225 1259 5272 est
1274 5214 1395 5280 ludens,
1412 5229 1500 5284 ireque
1528 5213 1638 5270 Grecos
1655 5229 1662 5267 ε
1678 5224 1731 5266 non
1744 5216 1786 5266 est
1812 5223 1869 5264 ser·

1077 5325 1138 5373 atas,
1155 5324 1244 5375 neque
1258 5308 1328 5363 liber
1343 5325 1350 5360 :
1364 5320 1417 5362 noar
1432 5315 1475 5361 est
1491 5306 1640 5369 masenius,
1652 5318 1740 5373 neque
1754 5301 1868 5357 lemine.

1079 5403 1179 5458 Onitaes
1193 5401 1266 5455 enim
1276 5412 1424 5470 ros2unurn
1437 5400 1505 5454 estis
1518 5397 1545 5452 in
1556 5396 1668 5452 Cbristo
1679 5394 1756 5451 lesu.
1773 5412 1782 5447 r
1799 5392 1870 5449 Arate

1079 5491 1152 5545 enim
1176 5506 1229 5544 near
1252 5489 1339 5544 solum
1373 5486 1582 5543 interludrcmn
1611 5494 1638 5541 et
1668 5485 1803 5551 Graeeum,
1821 5481 1871 5539 sed

1079 5583 1161 5637 etiam
1178 5582 1250 5636 inter
1278 5580 1380 5637 tribum
1397 5592 1425 5637 ct
1438 5580 1540 5636 tribum
1565 5586 1624 5633 erat
1640 5591 1735 5647 magno
1756 5575 1871 5632 dirersi-

1082 5684 1134 5731 ias.

1121 5785 1130 5817 ι
1147 5767 1175 5820 Si
1188 5776 1278 5822 antem
1289 5782 1338 5822 ros
1351 5765 1464 5829 Christi,
1475 5778 1540 5835 ergo
1553 5776 1646 5817 semen
1664 5760 1778 5816 bbrabsc
1791 5759 1869 5817 estis.

1081 5855 1230 5914 secundnm
1272 5856 1478 5928 prrotrtissiooctu
1515 5853 1686 5910 lauredes.r
1718 5851 1753 5904 st
1777 5862 1895 5904 sanxo»,
