4109 6434
206 406 262 471 'li’l
707 401 913 465 Expostulo
933 403 977 467 m
996 405 1120 467 enisu.
1142 406 1193 467 AD
1214 404 1310 468 nort.
1779 392 1835 465 lli

207 527 237 575 et
251 522 284 573 ut
295 511 475 571 annuntietur
487 525 586 569 nomeu
598 524 691 568 meum
709 511 738 567 io
754 513 993 571 uulnerauerunt
1011 516 1140 579 nlicere
1155 518 1303 590 patenulam
1325 531 1414 572 suam.
1429 532 1438 568 i
1456 514 1526 581 Quia
1549 512 1625 568 ilium
1641 512 1687 568 iliu
1706 513 1835 570 sustinuit

207 606 267 663 lioe
284 615 313 662 et
325 604 365 660 iili
381 603 452 659 maie
467 611 632 674 proponunt.
651 601 705 659 Sed
721 603 769 659 iiic
788 603 866 662 locus
888 606 996 662 duobus
1046 610 1291 680 ltiasplioinanteun.
1314 618 1342 662 et
1363 607 1493 679 populum
1505 621 1583 662 suum
1602 604 1685 660 variis
1707 607 1836 676 opetiims

207 698 325 755 modisa
341 695 458 752 diuersis
470 695 614 766 exponitur
629 683 637 750 ἰ
650 695 709 751 sine
719 697 791 767 quod
807 698 997 768 unusquisque
1045 701 1219 773 aldigentem.
1238 700 1374 759 Praeterca
1396 698 1471 770 quod
1498 698 1637 754 innoxiam
1653 706 1759 753 atatem
1773 713 1836 768 par-

208 790 319 847 modum
338 796 366 844 et
389 785 472 842 linem
505 796 680 856 peceatomm
709 802 823 844 sucrum
844 788 949 857 impiet.
966 796 996 843 ut
1046 795 1170 849 nuiorum
1181 791 1330 849 crudeliter
1352 791 1477 862 iusserat
1499 803 1625 848 enecare.
1646 788 1713 846 item
1726 804 1837 858 comne-

207 886 371 956 puuiaotur.
386 879 457 936 sicut
474 877 623 935 Sodomita
639 888 669 935 ot
684 877 849 935 Amorrhaei.
866 876 916 933 ilio
932 891 997 950 erpo
1048 896 1107 941 tens
1125 898 1284 955 responsum
1311 902 1318 940 ι
1347 886 1412 954 quia
1433 883 1564 955 patientia
1590 891 1617 937 et
1638 881 1697 952 ejus
1727 881 1837 937 bonitas

207 974 263 1045 lam
290 972 400 1028 mudum
424 978 591 1037 excesserat,
617 980 646 1027 et
673 971 777 1028 idcirco
805 971 891 1027 noluit
914 970 994 1037 Deos,
1048 974 1184 1043 iaeiteos,
1198 976 1246 1044 spui
1262 975 1399 1046 propriam
1418 974 1698 1031 lnalsenttoiuntatem
1717 973 1836 1040 nitendi.

207 1066 288 1138 quasi
300 1067 333 1122 de
345 1064 400 1136 jam
418 1064 540 1134 perituro
568 1063 630 1119 aliis
649 1064 805 1134 procidere,
829 1073 858 1119 ut
881 1063 996 1135 populus
1047 1065 1261 1131 alterumue,
1282 1067 1339 1122 siue
1355 1066 1561 1122 aurisericordim.

207 1160 268 1231 eius
278 1164 439 1229 agnosceret
455 1156 591 1228 justitiam
615 1155 701 1226 ipsius
732 1166 816 1225 atque
837 1156 965 1210 uirtntem
987 1171 995 1210 a
1086 1176 1096 1211 i
1118 1158 1254 1214 sustinuit
1271 1160 1298 1214 in
1316 1164 1401 1214 multa
1418 1161 1547 1230 patientia
1562 1176 1627 1217 nasa
1651 1161 1709 1228 inm,
1730 1171 1793 1230 apta
1807 1161 1834 1215 in

209 1264 241 1312 ut
257 1268 309 1310 nee
330 1260 487 1324 peccarent,
504 1265 554 1306 nce
565 1264 629 1306 suos
641 1248 813 1324 adventantes
825 1258 995 1304 tererentur.
1048 1249 1201 1305 interitum.
1222 1267 1231 1303 i
1249 1249 1389 1321 implendo
1403 1261 1513 1321 peccata
1537 1268 1597 1318 sua.
1614 1268 1677 1308 uasa
1693 1254 1740 1308 irae
1754 1253 1837 1321 digna

207 1346 332 1404 'laleest
346 1346 397 1401 ltoe
413 1343 485 1414 qutod
505 1344 531 1398 in
556 1340 699 1398 Pharaone
718 1351 827 1411 gestum
842 1350 894 1406 esi,
916 1339 998 1411 quale
1047 1351 1111 1398 suut
1126 1342 1200 1410 iacti,
1226 1352 1254 1398 et
1280 1359 1296 1398 a
1321 1345 1476 1416 semetipsis
1502 1343 1538 1399 ati
1563 1344 1703 1400 interitura
1732 1358 1838 1414 pracpa-

208 1441 233 1498 ai
247 1439 369 1496 medicus
383 1438 417 1493 tio
431 1437 555 1491 cruciatu
576 1433 631 1505 jam
644 1433 763 1488 damuati
776 1433 827 1500 rei,
846 1431 938 1487 multia
955 1432 998 1487 in·
1048 1446 1119 1491 rata.

208 1531 300 1587 'eniti
322 1530 476 1593 itniiiieffl·
506 1539 605 1580 Cium
634 1523 797 1594 ln<limidi
825 1523 996 1579 mimirum·
1086 1546 1096 1581 t
1123 1528 1157 1585 Ui
1169 1529 1326 1585 ostenderet
1338 1529 1447 1586 diuitias
1471 1531 1565 1602 glarie
1583 1546 1640 1587 suae
1659 1532 1687 1586 in
1705 1531 1836 1587 uasami·

208 1620 257 1679 Vei
272 1622 296 1677 si
308 1619 403 1692 juder,
417 1633 478 1674 cum
494 1616 582 1687 possit
595 1616 773 1673 criminosum
785 1615 877 1671 statim
889 1613 996 1685 punire.
1048 1620 1212 1688 sermondus,
1242 1637 1303 1692 quae
1329 1625 1491 1693 praepararit
1524 1625 1550 1679 in
1575 1625 1700 1692 gloriam.
1725 1641 1734 1677 r
1758 1625 1837 1694 iiipui

209 1715 245 1772 ad
257 1715 380 1771 anuinium
407 1712 531 1766 timorem
558 1709 673 1766 diversit
692 1709 781 1779 pinnis
798 1706 910 1763 afficiti-
929 1704 993 1761 Sile
1047 1725 1126 1771 orant
1138 1716 1326 1771 misericordia
1342 1717 1424 1784 :quia
1447 1727 1475 1772 et
1494 1717 1598 1773 minora
1632 1718 1836 1785 commiserant,

207 1808 257 1866 liei
271 1804 401 1879 patientia
425 1803 568 1860 induratus
591 1809 644 1856 esi.
676 1800 812 1856 Cessante
829 1799 903 1854 euim
917 1799 995 1869 plaga
1048 1810 1208 1879 engraisser
1223 1808 1446 1866 [innuamus.

209 1900 269 1969 liei,
281 1897 376 1955 durior
388 1894 478 1961 ilebat,
493 1904 521 1949 et
543 1890 669 1963 queuntis
683 1898 766 1947 sciret
783 1906 845 1947 eum
863 1905 917 1946 nou
932 1904 1036 1961 con-p
1088 1916 1098 1951 n
1120 1899 1195 1966 Quos
1210 1907 1239 1954 en
1262 1902 1382 1968 vocavit,
1414 1917 1468 1956 „011
1494 1901 1580 1959 popum
1606 1917 1638 1959 ρ,
1662 1901 1774 1967 pungis,
1790 1905 1839 1959 gen

208 1991 293 2059 serti,
319 2001 409 2047 tamen
420 1988 503 2044 etiam
517 1987 544 2042 lo
560 1986 620 2057 ipso
633 1999 712 2041 suam
725 1983 898 2042 clementiam
911 1982 999 2040 roiuit
1051 1993 1134 2048 etism
1145 2007 1179 2049 ex
1195 1994 1332 2065 gentinus,
1354 2013 1365 2048 ‚
1387 1994 1456 2062 Qut,
1472 2004 1500 2051 02
1525 2006 1589 2052 pune
1603 1996 1736 2067 aliquant
1752 1995 1836 2068 AEgy.

209 2084 411 2143 deinonstrare.
1050 2085 1171 2155 ptiorum
1185 2085 1318 2152 exierant,
1343 2101 1406 2142 euru
1436 2086 1500 2143 illlis
1528 2086 1622 2153 israel,
1637 2089 1710 2158 quod
1725 2090 1748 2144 si
1764 2089 1838 2145 licus

247 2194 258 2230 t
278 2174 349 2246 Eis⁰
362 2173 440 2245 iiiiii
462 2170 532 2239 ΝΗ.
554 2170 712 2233 miseretur·
734 2178 761 2225 0²
774 2183 854 2240 (illem
874 2169 942 2236 iili.
959 2168 1000 2223 i¹¹·
1050 2190 1196 2246 persouam
1212 2178 1358 2249 acciperet,
1372 2178 1448 2235 solus
1461 2177 1546 2235 israel
1568 2179 1662 2235 debuit
1680 2182 1783 2236 battere
1796 2196 1841 2237 sa·

208 2268 301 2325 durat.
319 2284 329 2318 i
347 2264 420 2338 lingo
442 2266 466 2320 si
495 2264 547 2320 inoo
578 2263 617 2320 sie
644 2261 826 2332 intelligitur:
844 2261 1001 2332 entusnuit
1051 2269 1147 2325 intem.
1166 2268 1206 2324 ita
1219 2278 1247 2325 et
1263 2284 1337 2325 nunc
1358 2285 1411 2327 nou
1437 2271 1527 2326 solum
1550 2270 1670 2339 ludaeos,
1693 2274 1838 2330 sedetiam

208 2360 367 2425 miseretur,
380 2365 407 2413 et
423 2371 504 2428 quem
528 2355 586 2411 ruit
617 2355 729 2411 indurat
744 2372 752 2410 ι
768 2353 840 2424 quod
857 2353 925 2410 satis
949 2352 999 2408 ini·
1051 2372 1146 2430 genien
1160 2363 1268 2418 vocanti
1280 2365 1313 2418 aa
1329 2364 1422 2419 primu,
1439 2362 1596 2420 Secundum
1618 2381 1666 2423 ω,
1678 2375 1781 2436 amem,
1792 2368 1839 2436 qun

208 2465 295 2523 nauta
311 2450 460 2518 emetita
486 2446 636 2519 propositio
658 2456 750 2503 uestra
769 2445 998 2512 concluditur‚ut
1052 2453 1110 2509 1120
1122 2468 1175 2509 110„
1188 2471 1220 2510 α
1250 2455 1385 2526 Aponon,
1415 2455 1464 2513 ped
1492 2471 1527 2512 εχ
1552 2455 1840 2529 Jupaeofumpefm„

209 2542 311 2601 dicatis
336 2541 447 2597 malitiae
473 2547 572 2596 nestra
594 2553 649 2594 non
674 2552 723 2595 tos
740 2553 801 2596 esse
813 2553 935 2604 oausam,
950 2537 1000 2593 sed
1053 2545 1107 2602 dlci
1125 2555 1222 2617 putant
1239 2561 1246 2601 :
1263 2548 1290 2602 iu
1307 2557 1423 2615 tantum,
1439 2549 1576 2619 inquiiunt,
1597 2564 1667 2620 quos
1682 2551 1842 2617 uoluisset.

210 2634 320 2691 bernuini
335 2633 512 2700 uoluntatem,
533 2632 577 2689 cui
595 2630 747 2688 contradici
761 2646 815 2687 non
829 2632 915 2703 possit
928 2646 937 2687 a
951 2630 999 2687 sed
1052 2641 1139 2704 navit,
1156 2648 1187 2694 ut
1198 2638 1382 2711 etiamgentes
1393 2641 1507 2712 elegerit
1517 2641 1685 2708 idololatras,
1699 2645 1743 2713 qul
1768 2659 1840 2698 nun.

212 2728 319 2787 resistit
333 2728 378 2783 liic
394 2727 492 2783 rationi
519 2736 615 2781 nestum
628 2724 686 2794 ipsa
700 2734 798 2779 natura
810 2724 921 2794 justitiae
940 2723 999 2779 liei.
1052 2744 1133 2800 quam
1147 2729 1297 2785 servierant
1315 2730 1382 2798 lieo,
1399 2738 1428 2786 et
1447 2747 1481 2787 er
1498 2732 1582 2789 israel
1598 2748 1700 2805 paucos
1716 2744 1839 2801 uocaret,

249 2839 262 2876 a
286 2822 358 2878 ilicis
381 2821 473 2890 ltaque
488 2819 555 2874 mliii
571 2816 663 2885 :Quid
680 2816 770 2872 adhue
783 2816 930 2887 querituri
946 2816 1000 2870 liu·
1030 2841 1033 2847 ·
1053 2821 1203 2877 secundum
1217 2821 1401 2877 testinnonium
1416 2821 1504 2878 isnin»,

211 2915 395 2973 iuntatienim
418 2912 478 2984 elus
503 2910 564 2982 quis
587 2908 711 2966 resistiti
728 2907 875 2976 Apostolus
903 2917 1001 2963 cotttra
1090 2930 1101 2965 s
1122 2911 1317 2969 SicutinOseo
1332 2912 1409 2968 dicit.
1423 2932 1433 2965 ι
1449 2912 1508 2971 Nou
1520 2915 1741 2984 populum‚duas
1754 2919 1842 2974 unibus

211 3005 464 3065 aduersariostlleit
483 3020 491 3062 :
508 3002 582 3063 ilicis
603 3003 695 3072 itaque
721 3000 889 3067 unilntiinld
912 3000 1001 3056 adhue
1053 3004 1122 3060 dicit
1138 3022 1146 3061 ;
1162 3013 1190 3061 et
1209 3019 1264 3060 uon
1290 3005 1506 3061 misericordiam
1536 3017 1723 3074 consecutam,
1745 3009 1840 3066 decem

210 3100 359 3173 queritur?
373 3100 406 3155 Ει
432 3101 530 3155 iterum
553 3098 645 3162 inient,
671 3095 837 3152 conilrmous
854 3090 907 3151 itud
929 3095 1001 3167 quod
1055 3096 1150 3151 icilius.

212 3193 320 3250 dixerat
334 3207 341 3247 :
356 3193 447 3256 hunino,
461 3203 536 3249 tauto
548 3194 634 3265 inagis
648 3208 713 3250 nere
725 3193 860 3265 queritur,
878 3192 999 3263 eujuste,
1091 3205 1102 3241 u
1130 3186 1238 3244 iiocalio
1254 3203 1307 3246 nou
1333 3187 1438 3258 plebem
1465 3204 1565 3256 meam,
1585 3191 1689 3262 piebem
1710 3182 1840 3254 culcanna

211 3300 247 3343 aa
258 3286 350 3342 serbis
374 3285 437 3341 tuis.
466 3284 553 3342 Nouio
577 3286 649 3341 enim
672 3285 811 3357 proprium
827 3299 881 3340 nou
897 3283 1000 3339 habenis
1014 3251 1039 3315 c
1055 3280 1112 3336 llo'c
1131 3280 1190 3336 ioco
1204 3280 1299 3338 iudam
1315 3281 1460 3353 sipiriticat.

211 3380 393 3441 voluntatem.
422 3377 513 3434 dicere
540 3385 630 3449 polest
659 3379 693 3434 do
715 3377 794 3433 ileo:
816 3377 882 3447 quid
912 3376 1001 3432 adime
1092 3391 1102 3426 i
1127 3373 1159 3429 lit
1179 3389 1234 3431 tion
1253 3372 1664 3438 dilectam,dilectamaetnon
1686 3378 1870 3437 miseriem·

211 3472 359 3545 queritari
378 3470 455 3527 llude
472 3480 545 3526 necte
565 3484 680 3539 arguens
697 3470 758 3540 eius
778 3469 1000 3534 imprudentiam,
1055 3463 1127 3520 diam
1153 3475 1342 3531 conuseoutatn,
1370 3466 1586 3523 misecicordiam
1613 3481 1798 3527 consecutam.
1828 3491 1840 3528 n

212 3562 302 3619 dieii:
320 3560 361 3617 'lu
372 3562 433 3633 quis
445 3577 485 3627 es,
504 3562 549 3630 qui
564 3564 729 3633 respondeas
739 3559 817 3618 Daoi
832 3560 883 3627 Qui
900 3562 1001 3617 erinna
1055 3558 1234 3615 lsracliticum
1251 3559 1392 3629 populum.

212 3652 269 3710 lieo
282 3653 425 3710 induratus
440 3660 492 3718 cst,
509 3652 581 3709 sient
596 3662 623 3708 tu
639 3653 719 3718 dicis,
745 3653 932 3709 contradicere
952 3667 1002 3709 suo
1092 3669 1103 3704 s
1124 3651 1157 3705 Et
1170 3651 1223 3707 erit
1237 3651 1265 3706 in
1283 3649 1345 3707 loeo
1362 3651 1408 3706 ubi
1423 3652 1526 3737 dictum
1550 3665 1593 3711 esi
1611 3654 1671 3712 eis:
1687 3655 1746 3711 lion
1767 3656 1844 3726 plebs

213 3747 342 3804 Creatori
361 3760 415 3802 non
443 3755 544 3816 potest,
570 3746 648 3814 quasi
678 3760 732 3801 nou
747 3744 849 3803 liabens
863 3745 1002 3816 propriam
1055 3757 1220 3800 meaios.»
1239 3741 1341 3798 Genitos
1365 3743 1533 3800 demonstrat
1551 3745 1578 3800 in
1592 3746 1702 3803 Giinisto
1721 3749 1843 3804 creditu·

213 3840 393 3906 uoluntatem,
414 3839 486 3896 sicut
513 3849 541 3895 et
570 3839 667 3906 lutum,
694 3837 860 3894 insensibilis
876 3838 1002 3903 natatoria,
1056 3835 1208 3903 ras;sicut
1236 3834 1263 3889 in
1287 3833 1436 3905 Evangelio
1464 3834 1594 3893 Dorulaus
1619 3840 1843 3910 purpuraboiam

213 3932 302 3991 datori
317 3947 367 3989 suo
380 3934 546 4002 respondere
559 3946 613 3988 non
627 3939 728 4004 potest,
741 3931 803 4001 quia
815 3930 842 3986 in
870 3939 1003 4002 potestate
1054 3931 1177 4003 loquitur
1192 3928 1302 3998 (ilntdn
1325 3944 1393 3996 rsit,
1408 3929 1494 4000 siti).
1522 3932 1636 4000 nuptiali
1660 3936 1739 3989 crena
1759 3937 1842 4004 lacta,

213 4025 291 4099 danii
306 4025 426 4096 positum
440 4034 495 4081 est.
1055 4036 1117 4077 eum
1142 4018 1224 4074 israel
1248 4019 1341 4075 uetiirc
1373 4018 1516 4086 noluisset,
1544 4028 1572 4077 et
1593 4036 1642 4092 pro
1669 4022 1730 4093 ipso
1746 4036 1843 4095 genitos

254 4136 264 4172 a
288 4115 417 4184 olicino,
433 4128 460 4174 tu
476 4117 586 4188 quises,
601 4118 647 4188 nni
661 4118 824 4189 respondeas
845 4116 1004 4174 lieoiNun-
1055 4119 1197 4169 uocantur.

215 4212 283 4287 quid
305 4213 371 4268 dicit
400 4214 559 4282 iipmentum
587 4213 625 4278 oi,
651 4214 697 4282 qui
716 4226 746 4268 se
770 4211 858 4275 linxit,
872 4210 942 4277 Quid
959 4225 1003 4267 ine
1093 4205 1364 4261 titiinocrliunmr
1395 4200 1443 4257 iiiii
1467 4202 1514 4259 Dei
1543 4204 1608 4261 nini.
1638 4206 1843 4265 ivomtlonenn

214 4306 305 4365 iecisti
337 4305 397 4362 sici
416 4304 605 4373 »Quiliiusdam
623 4306 783 4372 aldetonsi
800 4304 950 4360 hocadiiuc
969 4319 1003 4359 cs
1054 4300 1174 4370 gentium
1188 4298 1334 4370 significat.

211 4398 337 4472 ipsorum
370 4410 488 4469 persona
513 4396 616 4460 dicore.
643 4395 707 4468 quia
731 4396 818 4466 ipsum
837 4404 880 4452 est
899 4396 1001 4461 dicere,
1057 4382 1059 4387 ’
1093 4390 1213 4447 sisaias
1238 4403 1327 4448 autem
1349 4396 1452 4450 clannat
1476 4391 1638 4464 prolsraci.
1658 4392 1846 4449 iciinnmnnl-

214 4488 355 4549 neminem
375 4504 455 4560 posse
469 4488 657 4544 contradicere
677 4487 810 4543 voluntati
826 4486 874 4543 ilci
889 4486 1003 4542 alterius
1056 4483 1128 4538 catio
1146 4498 1195 4553 pro
1210 4484 1278 4553 ipsis
1294 4499 1357 4541 esse
1373 4495 1550 4542 inonstraton

215 4582 382 4648 miserentis,
396 4582 512 4637 alterum
530 4580 697 4644 induraris,
714 4586 742 4636 et
754 4579 855 4637 addere
868 4580 1044 4647 neminemn
1095 4592 1105 4626 ι
1128 4573 1158 4628 Si
1186 4574 1267 4629 inerit
1292 4590 1421 4629 nutnems
1449 4575 1566 4631 illiorum
1592 4572 1688 4639 israel.
1715 4585 1843 4647 tanquam

214 4676 272 4733 lieo
301 4675 476 4746 respondere.
513 4672 628 4740 Quidam
660 4686 726 4727 nero
753 4671 849 4728 dicuni
870 4673 1004 4744 janthino
1057 4681 1141 4723 arena
1167 4671 1395 4740 tueris,reiiqnia÷
1427 4668 1509 4726 saltas
1543 4670 1620 4728 ilcan.
1646 4669 1844 4726 »Pauciatenu

216 4768 378 4842 apostolum
394 4768 567 4840 respondere.
584 4764 658 4838 quod
678 4767 760 4824 otiam
779 4768 802 4823 si
818 4767 856 4823 ita
873 4774 956 4831 esset,
974 4776 1004 4822 ut
1056 4773 1150 4815 conum
1167 4761 1300 4817 creditam
1317 4777 1379 4817 esse
1393 4760 1573 4818 deiuoustrat.

216 4860 257 4917 itii
272 4860 485 4925 calumniantur,
511 4873 564 4913 nou
580 4858 740 4915 ueteranos
757 4874 808 4915 auo
835 4859 1004 4928 respondere
1094 4868 1104 4903 t
1128 4851 1245 4907 l'erbuto
1267 4854 1339 4907 cuitu
1355 4867 1562 4919 comminans,
1588 4864 1615 4910 ct
1639 4854 1800 4909 ainbreniaus
1818 4856 1843 4909 in

217 4948 383 5007 laetoriaeo
413 4948 485 5018 quoti
512 4945 582 5003 tales
609 4948 690 5003 situui
714 4948 748 5003 ad
772 4950 1003 5019 eoiuparatiouenu
1056 4945 1407 5015 aequitatequianerlmm
1436 4945 1593 5002 breviatum
1619 4946 1845 5003 iacietiiominus

217 5036 278 5108 liet,
293 5040 374 5110 quale
391 5045 424 5094 ad
434 5054 514 5095 suum
538 5048 582 5095 est
609 5039 659 5093 luti
684 5040 816 5096 artiiicem
832 5042 1004 5110 ilementum.
1058 5051 1140 5107 super
1154 5046 1266 5092 terram.
1283 5055 1293 5088 i
1312 5035 1433 5092 ilistoria
1456 5038 1507 5093 iios
1528 5039 1612 5094 habet
1638 5053 1753 5094 seitsus:
1768 5037 1846 5095 Sicut

218 5128 247 5187 ia
261 5128 359 5187 Graeco
372 5131 464 5196 habet,
482 5130 580 5202 pennis
591 5123 669 5199 γε,ὧ
682 5130 822 5205 ἄνθρωπε,
835 5132 908 5203 quod
922 5140 975 5198 esi,
985 5135 1006 5188 'o
1057 5142 1107 5200 ego
1120 5129 1232 5183 uerbum
1250 5126 1378 5185 abbrevio
1389 5136 1418 5185 et
1436 5126 1490 5185 cito
1511 5130 1622 5199 definio,
1646 5131 1683 5184 ita
1704 5130 1775 5186 oeus
1793 5131 1847 5186 lioo

218 5218 302 5281 hauno
314 5232 390 5279 tauto
405 5224 490 5290 inapts
507 5224 513 5278 i
1058 5224 1131 5279 uultui
1145 5223 1289 5280 uelocitate
1305 5223 1441 5294 perliciet.
1456 5222 1486 5279 ln
1509 5224 1651 5294 propinetis
1674 5232 1766 5277 autem
1782 5238 1844 5279 nor-

256 5334 268 5370 s
290 5317 388 5372 antimo
404 5316 486 5372 italici
498 5316 777 5413 potestatem9fipnlus
792 5316 842 5373 luti
862 5332 896 5372 es
911 5318 1007 5374 eadem
1060 5318 1123 5370 itlitll
1139 5314 1303 5384 hienimum,
1328 5314 1434 5371 tionum
1461 5314 1665 5372 Testamentum
1688 5315 1820 5384 accipitur
1836 5332 1846 5371 a

220 5407 415 5466 massaiacerc
429 5406 501 5463 aliud
526 5407 636 5479 quidem
652 5424 701 5465 nas
724 5413 751 5466 in
778 5413 919 5476 notionem,
934 5411 1008 5467 aliod
1060 5409 1123 5479 qnia
1140 5410 1166 5464 iu
1196 5424 1229 5465 co
1252 5409 1373 5466 brevitor
1401 5410 1600 5480 cuinproliensa
1629 5417 1693 5464 suni
1712 5410 1804 5464 outiuia
1820 5421 1848 5463 et

218 5514 288 5561 tero
308 5502 337 5557 in
363 5501 575 5558 contumeliam?
592 5520 601 5554 ι
620 5501 776 5559 Secuiudum
799 5505 859 5571 iios,
884 5506 929 5574 quii
948 5506 1009 5560 linc
1061 5502 1162 5558 clausu.

218 5594 305 5663 rerba
319 5590 441 5662 Apostoli
457 5593 688 5658 dieuut‚massam
699 5594 868 5649 dicitnmues
884 5596 910 5648 iu
927 5593 1010 5664 AEgy·
1100 5618 1109 5648 i
1135 5596 1166 5651 lit
1184 5597 1254 5652 sicui
1281 5599 1405 5668 predixit
1436 5597 1529 5654 isaias.
1559 5613 1569 5649 t
1595 5594 1669 5652 iicne
1697 5594 1845 5666 praedixit:

218 5699 270 5761 pto
303 5695 547 5742 commemorantes
576 5703 583 5739 ε
610 5685 675 5755 quia
701 5695 729 5741 nt
760 5686 843 5742 lsrael
870 5686 906 5741 ilii
932 5688 1011 5743 idolis
1062 5691 1267 5760 niiiasuperins
1285 5692 1415 5761 scriptum
1433 5700 1487 5748 est.

217 5779 400 5837 ucseniernu.
1101 5803 1110 5832 ι
1132 5778 1189 5837 Nisi
1204 5782 1333 5838 iionnnus
1344 5784 1463 5839 Saliaotiu
1481 5783 1637 5853 reliquisset
1652 5782 1731 5839 nobis
1742 5798 1858 5850 semen„

260 5891 273 5929 s
295 5874 373 5941 Quod
386 5873 409 5931 si
423 5873 495 5931 ileos
510 5874 603 5933 uolens
617 5875 759 5932 ostendere
778 5874 857 5944 inani,
874 5886 902 5931 ot
916 5883 1007 5933 inotum
1065 5876 1135 5931 sicut
1148 5875 1267 5932 Sodoma
1282 5874 1346 5933 iacti
1360 5890 1483 5931 essenon
1513 5884 1541 5927 rt
1556 5877 1629 5934 sicut
1640 5874 1855 5934 consummass-
