4109 6434
210 457 265 519 aba

702 450 905 515 uxaostrto
927 450 966 510 tn
988 445 1096 512 artu
1130 452 1158 509 n
1177 446 1226 511 an
1245 440 1330 513 con.

1780 451 1834 517 ild

249 572 340 626 «Natu
356 572 408 626 tide
424 571 513 626 statis.
534 591 543 623 r
564 564 638 635 Fide,
655 586 706 626 uon
736 572 803 640 iege,
819 571 845 624 id
869 556 920 633 est,
936 584 993 623 cre·
1007 574 1030 629 Α
1044 587 1110 636 qum
1135 550 1288 639 quaerunque
1305 570 1347 623 die
1367 569 1445 636 {uerit
1457 578 1605 635 correersui,
1622 587 1672 624 ttort
1700 589 1830 625 areanoru-

209 667 297 722 dendo
305 665 414 721 Christo
425 675 498 719 stare
507 665 639 734 coepistis.

523 819 635 876 CAPUT
652 819 683 873 tt.

249 937 460 996 tStatuiautent
478 937 529 989 boc
544 937 631 1002 ipsum
643 932 712 999 apud
730 947 784 993 me,
808 947 841 988 ne
859 930 955 986 iterum
969 933 995 987 in

209 1033 349 1089 tristitiam
367 1029 489 1083 uenirem
504 1028 537 1080 ad
553 1042 611 1080 tos.
628 1044 637 1076 r
654 1024 786 1093 Cogitavi,
803 1025 844 1078 tel
863 1025 995 1094 disposui,

208 1127 281 1181 neiu
298 1122 406 1177 tristitia
420 1119 539 1174 seotmdo
557 1119 688 1172 uenirem.
708 1116 760 1182 Qui
788 1130 849 1170 curn
880 1119 995 1184 primum

208 1214 378 1278 credidistis,
391 1210 462 1281 apud
479 1225 526 1265 ros
541 1210 567 1262 in
583 1208 680 1278 gaudio
702 1207 750 1261 iui.

248 1326 296 1380 rSi
312 1326 383 1380 enim
400 1339 449 1391 cgo
464 1322 595 1378 contristo
606 1337 663 1386 ros,
676 1333 702 1377 et
717 1324 778 1392 quis
788 1333 828 1377 ost
840 1325 884 1392 qui
899 1310 939 1379 nte
950 1325 996 1379 lae-

207 1417 315 1475 tiflceti
337 1437 347 1470 r
363 1417 509 1486 Propterea
525 1417 551 1470 id
571 1415 653 1481 facio,
668 1425 696 1470 ut
709 1416 809 1484 possint
825 1421 943 1486 gaudere
963 1420 996 1472 de

207 1510 298 1564 robis.

247 1642 257 1676 r
275 1622 333 1678 Nisi
349 1622 394 1689 qni
408 1622 585 1676 contristatur
598 1634 631 1673 cx
652 1634 706 1673 rue.
724 1639 733 1670 r
751 1621 800 1685 Qui
830 1620 903 1673 eninr
932 1635 996 1673 con·

206 1718 345 1777 tristatur,
362 1714 531 1782 intelligitus
555 1725 709 1778 peccasse:
739 1714 808 1766 sicut
834 1727 917 1782 ager,
949 1712 994 1778 utri

206 1805 329 1860 doloretu
356 1803 447 1864 setttit,
469 1809 557 1872 potest
575 1800 715 1870 percipere
738 1805 892 1867 sanitatem,
909 1810 936 1855 ot
962 1803 995 1854 ad

208 1893 305 1947 medici
321 1893 442 1947 laetitiam
460 1893 607 1958 pertinere.

243 2004 253 2037 r
268 1985 302 2039 Et
315 1985 370 2039 boc
385 1987 472 2053 ipsum
488 1983 584 2052 scripsi
617 1983 704 2037 robis.
722 2000 732 2032 r
751 1980 829 2034 birido
847 1972 919 2035 euim
936 1982 996 2036 ideo

205 2078 306 2142 acribo,
324 2076 366 2131 tel
386 2085 448 2129 ante
468 2076 577 2143 scripsi,
595 2084 623 2128 ut
649 2074 747 2128 litteris
765 2074 902 2128 enteuduti
928 2084 1006 2141 praei

207 2176 314 2224 tentem
334 2182 376 2221 nte
390 2166 508 2232 gaudere
527 2165 644 2219 faciatis.

245 2259 306 2314 «tn
323 2274 375 2311 non
396 2274 456 2310 curu
476 2273 574 2312 tenero
598 2255 735 2310 tristitiam
759 2271 841 2325 super
862 2255 998 2308 tristitiam

208 2353 337 2409 babetur.
359 2370 369 2403 r
387 2349 538 2406 'iristitiam
564 2350 663 2411 habco,
681 2348 743 2418 qrtia
763 2346 897 2414 peccastis
916 2363 923 2411 ;
940 2359 1000 2414 quae

208 2446 295 2516 magis
309 2446 459 2516 augebitur,
476 2443 498 2497 si
516 2458 563 2497 ros
579 2458 632 2496 uon
651 2441 770 2511 periecte
788 2438 882 2494 tidero
906 2453 1001 2491 eruen-

208 2541 299 2596 desse.

247 2651 309 2706 alie
326 2651 425 2721 quibus
457 2659 615 2719 oportuerat
632 2646 839 2718 regredere.»
856 2648 892 2701 be
902 2648 1001 2716 utribus

208 2760 317 2812 semper
332 2743 448 2811 gaudere
461 2744 617 2805 debueram,
633 2743 672 2794 rei
687 2743 720 2794 de
731 2741 923 2794 eruendatioue
940 2755 1002 2810 gra·

214 2838 307 2891 ittlztri.

1050 661 1263 730 bttrtturprccotc
1276 663 1334 728 ejus
1356 660 1436 731 (ibid.
1456 661 1499 724 id,
1517 662 1570 730 tt).

1088 773 1097 803 r
1117 754 1157 805 Ne
1168 753 1238 806 forte
1251 752 1441 806 abundantiori
1458 753 1773 818 tristitiaabsorbeatur,
1789 755 1834 823 otri

1049 839 1183 907 ejusurodi
1198 852 1250 896 est.
1271 838 1333 893 »Ne
1352 840 1421 893 forto
1438 855 1487 910 per
1507 839 1725 906 desperationem
1746 845 1835 897 indid-

1049 935 1149 1001 gantiae
1164 920 1457 1002 absorbeamrgurgtte
1473 931 1613 996 citiorum,
1639 942 1666 987 ct
1688 949 1702 986 a
1728 934 1835 988 diabalo

1050 1036 1203 1088 persuasus
1213 1023 1244 1073 ad
1258 1019 1424 1074 infidelitatis
1435 1030 1462 1074 et
1474 1021 1648 1090 blasphemiae
1659 1025 1759 1092 rou'oro
1769 1041 1832 1092 prae·

1049 1113 1141 1183 cipitia
1162 1114 1322 1182 deducatur.

1087 1223 1096 1255 r
1116 1203 1230 1274 Propter
1246 1196 1442 1276 quodobsccro
1464 1222 1522 1274 ros,
1540 1197 1745 1262 utconitrrnetis
1762 1210 1787 1260 iu
1807 1195 1837 1261 ii·

1048 1297 1102 1349 lunt
1118 1297 1288 1351 charitatem.
1307 1316 1315 1348 r
1336 1302 1393 1363 Qua
1410 1297 1529 1367 perfecte
1554 1312 1730 1367 recognoscat
1742 1315 1771 1354 se
1792 1318 1837 1353 re-

1048 1390 1119 1443 niam
1130 1399 1313 1443 consecutum.

1088 1499 1097 1532 r
1114 1476 1176 1535 idco
1194 1481 1268 1534 eninr
1285 1491 1310 1534 ct
1326 1481 1422 1550 scripsi
1439 1479 1527 1546 robis,
1542 1490 1571 1536 ut
1582 1496 1743 1553 cognoscant
1756 1499 1839 1550 expe·

1049 1573 1193 1627 rirncutunr
1207 1582 1370 1626 restrurttan
1388 1574 1414 1626 iu
1427 1573 1554 1627 omnibus
1569 1575 1728 1628 obedientes
1736 1576 1807 1628 sitis.
1825 1595 1834 1627 r

1049 1662 1084 1716 Ut
1099 1665 1206 1719 rideam
1224 1664 1245 1717 si
1263 1663 1399 1733 quomodo
1424 1651 1579 1718 obattdistis
1607 1666 1634 1718 in
1662 1666 1837 1727 vindicanda,

1048 1757 1085 1809 ita
1103 1758 1257 1811 obaudiatis
1277 1758 1302 1811 iu
1318 1756 1495 1825 indulgendo.
1525 1753 1686 1810 Obedientia
1702 1759 1774 1810 enim
1794 1760 1838 1811 itta

1048 1859 1111 1899 tera
1124 1856 1152 1899 et
1163 1845 1282 1912 periccta
1300 1858 1354 1906 est,
1372 1861 1432 1915 que
1449 1846 1473 1898 in
1490 1842 1565 1899 nollo
1580 1845 1739 1900 coutemnit.

1087 1953 1098 1986 r
1115 1934 1163 1989 Cui
1181 1943 1271 1988 autern
1290 1934 1390 2003 aliquid
1406 1933 1524 1998 donatis,
1537 1944 1565 1988 et
1591 1948 1650 2003 ego.
1671 1953 1680 1985 r
1698 1933 1776 1989 Srcut
1795 1953 1841 1988 ro·

1051 2026 1155 2080 biscum
1177 2026 1327 2089 vindicari,
1361 2027 1399 2079 ita
1415 2035 1442 2080 et
1457 2031 1529 2079 dono
1544 2026 1697 2081 uobiscum.

1091 2118 1184 2173 rNutu
1202 2128 1229 2172 ct
1246 2126 1306 2186 ego·
1319 2119 1391 2188 qrtod
1410 2119 1520 2171 donari.
1540 2128 1550 2169 r
1569 2116 1628 2194 Non
1648 2118 1675 2172 in
1693 2135 1751 2172 mea
1777 2133 1840 2187 per·

1051 2227 1129 2288 sena,
1144 2211 1230 2266 sedin
1248 2209 1362 2273 Cirtisti,
1377 2211 1424 2279 qui
1450 2208 1539 2263 dixit:
1556 2208 1728 2278 Quocunque
1753 2209 1840 2263 aedre-

1052 2304 1111 2357 ritis
1133 2304 1161 2355 itt
1179 2311 1260 2366 terro,
1276 2308 1352 2355 eruttt
1365 2310 1390 2354 et
1405 2301 1432 2354 in
1446 2299 1509 2354 ctrio
1522 2298 1610 2353 sutura
1628 2299 1739 2367 iiiutdr.
1759 2318 1838 2364 arta,

1054 2395 1108 2462 18).

1090 2506 1099 2538 r
1121 2486 1149 2541 Si
1166 2487 1231 2554 quid
1246 2485 1355 2549 donari,
1371 2489 1485 2555 propter
1511 2485 1599 2540 rosh
1615 2485 1655 2539 Ne
1672 2500 1719 2540 ros
1742 2501 1840 2556 graue·

1054 2580 1131 2645 ruini,
1149 2580 1190 2632 ite}
1204 2578 1419 2632 contristemini.

1092 2672 1146 2727 altr
1175 2686 1293 2742 persona
1336 2668 1480 2727 Christis
1513 2670 1582 2737 Quia
1613 2672 1671 2726 ricc
1702 2672 1843 2742 fungimur

1053 2762 1168 2817 Ctrrtsti.
1554 2785 1556 2787 ·

1092 2873 1101 2905 r
1120 2852 1153 2907 Ut
1170 2869 1221 2906 uon
1243 2852 1492 2906 cireurtrreuianrur
1513 2843 1531 2905 ¹a
1555 2852 1668 2908 Satana.
1695 2851 1754 2908 Non
1768 2855 1842 2907 enirn

249 2949 419 3007 tConiidens
434 2950 461 3004 in
482 2950 606 3003 omnibus
626 2947 788 3017 auareque
814 2962 902 3002 meunt
935 2961 999 3013 gan-
1055 2945 1212 3014 ignoramus
1225 2945 1402 3013 cogitationes
1415 2944 1486 3012 ejus.
1506 2962 1516 2995 r
1536 2944 1671 2998 Necenint
1686 2945 1746 3013 ejus
1761 2947 1841 3013 igno·

209 3044 419 3098 dirrnromnium
436 3053 557 3096 restrum
576 3053 628 3093 est.
645 3039 711 3093 Nrnr
730 3057 761 3094 et
779 3042 863 3094 muita
884 3039 1001 3092 tribula·
1056 3051 1149 3090 ronrus
1176 3037 1320 3090 versutias.
1346 3035 1418 3089 idcnt
1438 3036 1563 3089 sitrriliter
1587 3038 1766 3088 circumuenit
1796 3052 1845 3105 per

211 3143 322 3191 tirtneet
339 3136 462 3203 angustia
476 3133 576 3187 cordis.
595 3152 603 3184 r
623 3133 650 3186 id
671 3145 723 3196 est,
740 3132 848 3184 consrdo
862 3145 911 3186 uos
924 3131 1003 3183 intei-
1057 3127 1167 3180 rtimiant
1188 3126 1316 3178 duritiam
1337 3136 1507 3196 peccatores,
1524 3134 1553 3178 ut
1569 3135 1679 3195 pereant
1695 3125 1844 3195 desperan-

210 3229 305 3298 iigere,
317 3228 380 3295 quia
396 3241 460 3280 tune
471 3227 505 3280 sit
521 3240 613 3278 rerum
630 3227 760 3294 gaudium
776 3237 894 3279 restrum
917 3224 938 3278 si
953 3238 1038 3305 egoc
1056 3222 1090 3272 ‹ir›
1104 3237 1111 3273 :
1126 3221 1263 3288 quomodo
1275 3222 1359 3274 trintia'
1374 3219 1536 3274 remissione
1547 3221 1657 3273 rumitue
1667 3221 1841 3290 corrigendo.

211 3322 355 3391 garniearu.
368 3317 431 3372 Siue
444 3317 550 3371 confido
563 3317 634 3384 quod
653 3331 697 3370 nte
721 3316 810 3370 taliter
828 3315 958 3383 diligatis,
974 3326 1003 3367 nt
1057 3314 1134 3368 Unde
1155 3312 1283 3366 Saltinton
1302 3314 1361 3368 ait:
1382 3310 1443 3365 Non
1456 3311 1567 3366 deciirter
1597 3313 1624 3365 in
1641 3313 1775 3365 decrerunt
1799 3328 1845 3365 ne-

210 3425 303 3466 mettun
319 3412 445 3478 gandium
464 3418 582 3482 restrum
601 3422 661 3462 esse
685 3408 791 3462 dicatis.
1055 3426 1103 3474 qrte
1126 3408 1265 3459 sirtt'strout
1295 3405 1391 3474 (Proo.
1409 3422 1445 3468 tt,
1470 3407 1529 3471 ii).
1548 3405 1678 3472 Quattrtis
1700 3423 1766 3477 ergo
1789 3417 1844 3460 tota

253 3500 383 3567 «Scripsi
395 3500 470 3553 robis
496 3512 542 3565 per
573 3497 671 3552 multas
699 3499 843 3566 iacrynras.
862 3494 1003 3548 »Primam
1058 3496 1175 3567 Epistrda
1193 3512 1291 3554 contra
1307 3497 1441 3553 [iuratum
1456 3499 1503 3564 sit,
1521 3509 1609 3552 taruco
1627 3498 1672 3553 bie
1698 3501 1845 3554 evidentis·

211 3592 438 3661 Edi⁸²⁰¹³¹¹bq⁰²
455 3588 1003 3660 V⁰⁵⁰0fiii³¹¹ii0²hi¹⁸⁰i¹¹¹⁰¹¹iiie¹¹il¹¹¹¹¹r
1057 3594 1124 3647 sinte
1150 3592 1457 3647 ostettdituradiaboio
1485 3593 1688 3647 eircttmrentos
1709 3594 1845 3662 paenitea-

211 3699 295 3755 qnarn
309 3683 389 3737 suerit
407 3687 439 3737 de
453 3683 573 3736 ornnium
587 3682 674 3737 salute
686 3682 828 3736 sollicitus.
1058 3687 1121 3737 tiara
1138 3687 1273 3752 denegare
1284 3703 1292 3739 ι
1303 3685 1381 3752 cujus
1394 3685 1572 3740 isturcrsutia
1582 3697 1633 3750 est,
1651 3697 1680 3739 ut
1692 3688 1742 3741 sub
1757 3701 1847 3755 specte

254 3793 263 3826 r
280 3775 339 3829 Non
356 3784 386 3828 ut
399 3774 610 3837 contristemini,
625 3774 673 3828 sed
686 3782 714 3827 ut
726 3773 820 3828 sciatis
836 3787 916 3837 otram
939 3772 1005 3823 ebu-
1056 3776 1167 3846 justitie
1181 3776 1255 3830 irritat
1271 3777 1403 3830 incautos.

214 3869 323 3922 ritatem
341 3867 490 3921 habeam.)
512 3864 571 3919 Nun
586 3865 854 3929 ideocotnutetnoro,
868 3864 1005 3917 utiterum
1097 3888 1105 3918 t
1128 3867 1195 3924 Cum
1215 3871 1348 3923 venissem
1366 3883 1453 3924 autem
1467 3868 1616 3936 Troadem,
1632 3883 1742 3939 propter
1757 3870 1847 3924 Euan.

213 3961 426 4028 contristemini,
443 3961 536 4017 sedet
553 3961 704 4016 sciatistne
722 3963 813 4014 omnia
833 3959 1007 4013 incitaritate
1059 3959 1159 4030 getium
1173 3960 1287 4025 Christi,
1305 3971 1331 4015 et
1349 3939 1449 4015 ostium
1478 3962 1544 4016 mibi
1564 3975 1691 4030 apertum
1718 3974 1792 4017 essct
1821 3980 1847 4018 m

213 4055 328 4112 iecisse.
1061 4053 1173 4107 Dorrrino
1190 4067 1197 4104 τ
1215 4069 1268 4106 nou
1283 4053 1362 4105 babui
1377 4054 1497 4122 requiem
1516 4055 1622 4122 spiritui
1641 4069 1711 4117 meo,
1730 4059 1847 4122 eoquod

259 4144 467 4200 ‹Abundantius
485 4145 640 4200 invehis.»
659 4143 696 4197 Er
722 4143 819 4212 majori
845 4139 1008 4197 sollieitudi·
1060 4156 1113 4195 aon
1129 4142 1279 4196 invenerim
1293 4140 1383 4195 Titum
1401 4143 1515 4196 fratrem
1545 4159 1646 4196 areum.
1663 4163 1672 4194 r
1694 4142 1770 4197 blodo
1795 4145 1849 4197 itiis

214 4254 264 4305 nc,
283 4240 504 4294 abundantiorem
518 4239 674 4307 cognoscito
691 4236 865 4290 charitatem.
1061 4236 1118 4288 ruit
1139 4236 1254 4304 probare
1275 4246 1377 4303 quanto
1392 4235 1511 4304 arttpiius
1530 4252 1579 4291 eos
1595 4238 1689 4307 diiigat
1706 4277 1714 4301 ,
1733 4252 1847 4304 quorum

257 4332 387 4400 ‹Siouis
404 4339 492 4385 autern
510 4332 750 4393 contristaritme,
769 4347 821 4400 non
847 4332 1009 4385 mecontri-
1061 4343 1143 4384 causa
1171 4339 1275 4382 tantum
1304 4328 1441 4383 sollicitus
1466 4338 1508 4383 est
1527 4345 1535 4383 ι
1553 4340 1581 4384 ut
1608 4345 1675 4385 curn
1697 4341 1789 4385 esseut
1811 4331 1848 4384 'dii

214 4429 310 4484 stavit.
326 4446 335 4478 r
350 4427 417 4493 Quia
439 4442 486 4495 per
500 4427 570 4481 iliius
596 4436 737 4494 peccatum
754 4440 800 4478 ros
813 4427 894 4479 etiam
911 4443 1006 4480 eorre-
1060 4424 1150 4476 ourrria
1168 4431 1334 4492 prosperata,
1352 4424 1453 4475 amttam
1471 4423 1591 4490 requiem
1628 4423 1754 4478 babuerit
1767 4439 1774 4490 ;
1787 4428 1849 4493 qrria

214 4517 270 4589 pti,
280 4519 396 4586 amplius
407 4515 571 4585 proiecistis.
589 4513 716 4584 Sire,qui
727 4530 768 4569 me
781 4516 943 4579 enterrdavit,
954 4531 1007 4568 uon
1062 4511 1151 4567 Titum
1167 4529 1246 4583 qrront
1260 4517 1293 4567 ad
1305 4530 1354 4568 eos
1374 4515 1507 4569 ridendos
1526 4515 1648 4578 miserat,
1665 4531 1717 4569 nou
1735 4516 1849 4577 irtrernt,

215 4623 263 4664 me
281 4610 386 4678 penitus
405 4607 586 4664 contristarit.
1025 4581 1160 4660 Dtimeus
1173 4608 1239 4675 jara,
1257 4621 1291 4660 ne
1318 4606 1429 4660 ruiuirrre
1449 4620 1496 4658 eos
1512 4607 1689 4670 correxisset,
1704 4607 1766 4675 quia
1784 4623 1848 4660 nun·
1872 4673 1875 4681 Ι

261 4700 339 4755 ‹Sed
351 4716 384 4754 ex
401 4709 487 4768 parte.
507 4717 516 4750 r
533 4696 562 4752 ld
578 4705 630 4762 est,
648 4712 680 4751 ex
698 4711 729 4751 ea
754 4696 840 4750 solum
857 4707 943 4764 parte,
957 4714 1009 4765 urta
1062 4701 1124 4754 dura
1141 4699 1164 4753 ei
1181 4701 1326 4768 ‹prirtqrraar
1345 4701 1547 4753 renuntiaverat
1560 4698 1648 4753 Titus.

217 4793 314 4849 nocuit
328 4790 380 4845 sibi
400 4790 483 4844 :dunt
505 4788 542 4841 iili
556 4802 667 4841 neeesse
683 4793 724 4840 est
741 4788 883 4855 poerritere.
1102 4813 1110 4842 r
1127 4792 1179 4847 Sed
1198 4791 1359 4845 tabefaciens
1376 4792 1426 4854 eis,
1445 4794 1584 4858 protectos
1598 4808 1670 4845 sunt.
1687 4811 1697 4843 r
1715 4791 1775 4845 tlito
1791 4792 1853 4845 irrite

261 4881 504 4935 ‹Utnononerenr
530 4891 627 4930 onrncs
658 4891 716 4930 ros.
737 4874 825 4929 rideo
844 4877 1010 4931 seriboeuat
1062 4896 1187 4949 egressus
1201 4881 1596 4952 sum,qtraott’isoeeasioueur
1608 4882 1750 4937 habuerim
1784 4899 1853 4950 prte-

218 4973 316 5040 recipi,
338 4983 430 5025 utnon
448 4970 608 5034 oneremini,
624 4969 646 5023 si
666 4983 714 5037 per
742 4980 860 5023 uestram
881 4969 1009 5023 duritram
1063 4973 1186 5029 dicandi.

218 5065 408 5136 desperaverit
420 5065 453 5117 de
467 5063 567 5117 sature.
1102 5086 1111 5118 r
1132 5069 1159 5121 in
1175 5064 1370 5121 Macedoniam.
1391 5088 1400 5118 r
1416 5050 1468 5124 Per
1479 5085 1560 5138 qrrarn
1578 5084 1593 5122 a
1612 5069 1689 5123 robis
1700 5066 1778 5121 Titus
1793 5079 1853 5121 erat

260 5157 456 5219 astruentur,
474 5155 519 5226 qui
533 5155 666 5224 ejusmodi
691 5161 744 5218 est,
776 5154 930 5223 obiurgatio
955 5156 1012 5209 itare
1064 5160 1157 5228 utique
1186 5160 1333 5214 rediturus.
1362 5160 1484 5216 vicinior
1515 5172 1557 5216 est
1593 5163 1665 5216 eninr
1696 5161 1852 5214 Macedonia

217 5250 349 5323 quaedta
368 5245 601 5319 pluribus.rNon
625 5249 658 5301 de
685 5246 731 5299 ido
758 5246 844 5299 solutu
872 5246 950 5309 dicit,
966 5249 1010 5315 qui
1064 5253 1278 5319 debuitn,qrram
1300 5252 1577 5323 'troad-ezdoutque
1608 5268 1670 5308 cum
1699 5251 1737 5306 ibi
1764 5262 1849 5318 esset,

219 5353 366 5416 paternum
385 5341 483 5411 polluit
501 5340 621 5402 tborum,
638 5341 686 5393 sed
714 5337 836 5392 deonmi
867 5350 1011 5407 peccante:
1064 5343 1131 5398 dicit
1148 5341 1240 5395 Tutum
1257 5354 1349 5411 postea
1361 5346 1519 5400 advenisse.

219 5451 284 5491 nam
308 5435 407 5490 multos
425 5434 478 5488 iiiic
493 5444 623 5503 peccasse
658 5429 779 5498 Epistola
798 5429 882 5498 prima
899 5431 1012 5486 detuou·
1103 5434 1191 5489 «Deo
1206 5446 1297 5489 arrteut
1318 5437 1430 5506 gratias,
1451 5440 1496 5506 qui
1511 5453 1620 5506 semper
1639 5439 1788 5506 triumpbat
1801 5453 1852 5490 uos

217 5535 304 5581 strat.
1066 5529 1092 5581 iu
1106 5526 1215 5583 Cbristo
1229 5526 1304 5583 iesu.
1325 5549 1334 5581 r
1354 5529 1538 5599 Triuorpbare
1555 5529 1621 5586 iacit
1640 5547 1689 5586 uos¹
1709 5545 1757 5600 ptr
1770 5531 1852 5586 Citri-

259 5636 269 5670 r
286 5619 324 5670 tta
337 5625 366 5670 ot
382 5615 536 5671 econtrario
554 5613 639 5680 tnagis
654 5613 770 5669 donetis.
785 5632 795 5664 r
813 5610 849 5667 ttt
863 5612 1014 5667 coutraob·
1065 5629 1148 5681 stom,
1167 5620 1206 5672 ret
1224 5621 1249 5672 tu
1266 5622 1344 5673 trabis
1360 5623 1418 5690 ipse
1433 5624 1589 5691 triumphat.

215 5711 404 5784 purgationem
426 5710 534 5763 donetis
557 5707 675 5762 reniam.
1105 5710 1284 5763 «Etodoreut
1302 5713 1405 5766 notitiae
1419 5729 1474 5766 sote
1502 5714 1657 5769 aratriicstat
1682 5732 1730 5785 per
1750 5733 1799 5769 nos
1826 5717 1855 5769 itt

259 5822 268 5854 r
286 5801 319 5855 Et
341 5800 532 5857 eonstderuiui.
555 5798 680 5854 »Verbis
706 5800 845 5868 propbetae
872 5797 1013 5853 dicentis:
1068 5805 1141 5854 otoni
1164 5802 1233 5858 ioco.
1253 5821 1261 5853 r
1278 5806 1351 5858 Odor
1365 5805 1470 5859 notitiae
1495 5807 1543 5860 Dei
1559 5823 1607 5876 per
1620 5809 1771 5862 doctrinam
1797 5822 1854 5860 ttttt⁴

218 5893 293 5951 ii'oio
307 5902 415 5947 mortem
427 5894 569 5960 peccatoria
587 5891 694 5960 (ditarit.
711 5905 806 5958 statu,
827 5890 882 5956 iii.
901 5889 944 5957 Et,
959 5889 1016 5945 dui·
1067 5893 1211 5949 uiicstatur
1228 5906 1253 5948 et
1269 5897 1356 5967 sigua.
1385 5896 1459 5953 Odor
1474 5909 1564 5954 autera
1583 5901 1643 5957 ideo
1664 5900 1776 5967 dieitur,
1788 5902 1854 5971 apua

369 5988 503 6047 Parnes.
525 5987 621 6047 XXX.
1691 5993 1730 6056 pc
