4109 6434
208 514 263 580 933

706 514 915 578 sxt‘ostrto
932 517 972 578 itt
993 518 1118 582 EPlS'l.
1138 521 1167 581 lt
1182 523 1232 581 ab
1250 522 1430 588 uitasset.

1786 532 1840 597 ill

208 638 261 689 aa,
286 623 358 693 qtrtrd
389 638 496 693 [toerrarn
522 623 695 678 conscientia
720 623 908 692 sontniarunt;
935 625 998 696 qnia
1016 628 1227 690 antiomenon
1247 630 1382 698 llicentcs,
1408 636 1460 689 llic
1473 633 1603 704 Christos,
1616 637 1739 694 eceeillic
1755 642 1838 712 (ibid.

210 716 261 770 boo
279 715 333 770 illis
354 714 523 782 impossibile
539 715 693 768 videbatur.

247 828 256 860 ι
278 807 325 862 llis
340 809 386 877 qni
402 824 453 862 non
477 817 610 863 noverunt
632 807 715 862 Derim
735 828 742 863 ε
760 816 787 861 et
801 808 846 874 nni
863 823 915 863 non
932 809 997 864 obc-

208 899 286 955 dinnt
310 900 455 971 Evangelio
477 899 582 955 Domini
597 903 683 956 nostri
698 899 761 956 lesu
776 899 890 956 Christi.
910 919 920 952 r
939 901 998 955 Nou

208 993 295 1045 solinu
313 991 356 1060 qui
381 1007 435 1045 non
462 1001 604 1057 noverunt,
622 994 669 1048 sed
687 992 768 1045 etiam
783 993 829 1062 qui
848 1006 901 1047 nou
915 992 999 1047 obau-

212 1084 290 1136 diunt
305 1081 442 1161 Evangelii
460 1083 624 1153 disciplinis.
922 1151 924 1156 Ι

245 1192 254 1225 ι
272 1172 323 1238 Qni
340 1189 435 1242 poenas
447 1173 550 1228 dabunt
565 1178 591 1228 in
608 1174 718 1231 interitu
733 1186 860 1230 aeternas.
877 1193 887 1226 t
902 1160 999 1230 Poenas

210 1267 239 1321 iu
255 1281 288 1320 eo
301 1267 347 1334 qni
365 1269 476 1335 patitur,
494 1283 546 1321 non
564 1277 653 1337 potest
667 1268 731 1322 diei.

250 1376 259 1410 ι
286 1359 308 1411 Α
333 1358 402 1412 facie
429 1357 546 1422 Dontini,
573 1367 634 1412 eta
660 1359 743 1427 gloria
771 1357 881 1413 virtutis
905 1357 996 1428 ejus.»

208 1448 321 1516 h-Jnsti
347 1459 507 1519 conspectu,
530 1451 694 1504 sententiam
722 1449 905 1504 damnationis
929 1449 1000 1503 acei-

207 1541 297 1610 piant.

190 1688 195 1693 ·
248 1673 258 1706 ι
276 1654 461 1712 cumvenerit
474 1657 620 1727 glorillcari
634 1656 661 1711 in
677 1656 779 1712 sanetis
791 1658 858 1711 suis.
877 1674 887 1707 r
900 1651 1000 1724 ipsein

208 1750 274 1806 llliis
288 1749 481 1820 glorificandus
493 1762 536 1805 est
550 1750 692 1815 ruenrbris,
707 1763 767 1819 quae
780 1748 847 1803 solis
858 1747 1002 1817 splendore

207 1841 363 1912 fulgebunt.

247 1932 296 1986 «Et
308 1931 476 2001 admirabilis
489 1931 545 1987 lieri
559 1931 584 1984 in
596 1930 722 1985 omnibus
734 1931 780 2001 qni
793 1929 996 1985 crediderunat

211 2021 383 2076 ilirabnntur
397 2023 486 2092 impii,
503 2033 531 2075 et
546 2022 674 2076 irrisores
692 2021 866 2085 humilitatis,
883 2022 910 2075 in
926 2020 1000 2091 jubi-

208 2116 311 2171 latione
324 2114 419 2171 salutis
435 2116 580 2183 insperatae
593 2116 740 2183 justornm.
806 2114 808 2118 ‘

248 2224 258 2256 ι
276 2207 344 2273 Quia
360 2207 493 2260 creditum
510 2215 553 2259 est
568 2204 755 2259 testiinonium
771 2214 895 2258 nostrum
915 2215 999 2271 snper

208 2312 258 2353 ros
270 2299 296 2352 in
310 2300 354 2352 dic
365 2298 420 2352 illo.
439 2317 447 2348 r
465 2296 533 2365 Quia
546 2297 623 2352 inulti
635 2296 663 2350 in
677 2297 720 2351 die
743 2295 790 2351 illo
817 2304 911 2350 nostre
926 2293 1000 2349 testi·

209 2391 478 2447 moniocredidistis.
725 2455 729 2461 ¹

246 2502 256 2535 ι
276 2482 305 2536 ln
320 2497 373 2550 qno
389 2483 471 2536 etiam
485 2495 594 2537 oramus
611 2497 718 2552 semper
733 2497 782 2552 pro
797 2481 872 2537 tobis
889 2521 898 2548 ,
913 2492 942 2536 ut
956 2481 999 2536 di·

208 2586 308 2646 pnetur
330 2590 377 2629 vos
402 2590 450 2629 sua
466 2575 606 2628 vocatione
627 2575 698 2629 Dens
714 2585 819 2628 noster.
845 2591 855 2626 r
875 2572 907 2628 Ut
927 2575 1000 2643 alpad

208 2663 385 2718 inveniamini
404 2662 438 2716 ad
473 2664 498 2716 id
514 2664 586 2730 qnod
606 2664 692 2718 uocati
709 2665 777 2719 estis
794 2681 801 2718 a
818 2662 882 2733 qnia
897 2664 1002 2734 priores

208 2755 328 2820 inritati,
345 2770 399 2809 nou
414 2765 493 2810 erattl
512 2756 599 2826 digni.

247 2865 257 2899 ι
283 2846 317 2901 Et
339 2847 448 2914 impleat
471 2860 580 2900 onmem
604 2846 770 2900 uoluntatem
790 2846 919 2901 bonitatis
933 2860 1001 2908 suaa,

208 2949 236 2994 ct
261 2956 328 3010 opus
356 2940 416 2994 ttdei
443 2941 468 2993 in
497 2942 607 2994 uirtute.
638 2957 648 2990 r
674 2938 817 3008 ddjutorro
844 2928 947 3006 gratim,
972 2944 1001 2989 el

209 3031 396 3085 consolatione
415 3031 539 3086 scientiae
560 3033 703 3095 uirtutum,
721 3043 780 3098 qnae
798 3045 868 3098 opus
885 3035 949 3082 sunt
967 3025 1000 3079 li·

210 3121 267 3178 del.

249 3253 258 3287 ι
280 3234 315 3292 Ut
328 3233 494 3292 clarillcetnr
512 3251 608 3291 nornen
624 3235 731 3290 bomini
746 3234 832 3289 nostri
845 3232 908 3288 lesu
923 3230 1002 3286 Chri·

210 3328 245 3383 sti
262 3329 289 3382 in
304 3329 424 3395 robiani
439 3344 487 3384 ros
502 3328 528 3383 ln
544 3329 600 3384 illo.
624 3345 634 3378 r
651 3327 685 3382 iit
699 3339 728 3382 nt
745 3326 846 3381 Christi
863 3340 960 3377 nomen
975 3324 1001 3376 in
1017 3335 1040 3394 c

210 3418 309 3474 restris
326 3420 432 3475 actibus
447 3421 549 3475 clarum
566 3421 612 3485 sit,
636 3430 661 3475 et
680 3434 726 3475 ros
742 3420 768 3471 in
782 3417 843 3487 ejus
860 3419 945 3486 signis
974 3423 1004 3468 et

210 3511 359 3566 uirtutibus
376 3511 500 3581 gloriosi.

251 3626 260 3659 ι
290 3605 446 3660 Secundum
463 3605 577 3675 gratiam
595 3605 641 3659 bei
655 3606 752 3670 nostri,
769 3615 797 3660 et
820 3606 925 3662 bomini
939 3604 1002 3662 Jesn

212 3696 327 3754 Christi.
346 3718 355 3747 ι
371 3694 480 3765 Expetit
495 3712 509 3750 a
528 3696 619 3763 nobis,
629 3697 701 3766 qnod
713 3712 857 3766 possumus
870 3717 878 3754 ι
892 3700 1003 3768 utquod

178 3811 181 3815 ⁴
212 3804 266 3843 riou
282 3802 439 3857 possumus,
459 3787 600 3857 largiatur.

529 3968 647 4027 CAPUT
668 3969 701 4024 lt.

254 4120 263 4154 ι
291 4101 429 4171 Rogamus
448 4112 538 4156 autent
564 4115 622 4166 ros,
647 4101 768 4166 fraires,
792 4116 840 4172 por
859 4102 1003 4159 adventurn

215 4196 321 4249 Domini
338 4194 424 4249 nostri
440 4191 505 4248 Jcsn
520 4193 649 4247 Christis
671 4193 821 4258 linoroliis
837 4194 949 4250 eburius
963 4197 1005 4250 ui·

214 4286 253 4341 hil
267 4301 328 4340 esse
349 4301 409 4340 sum
424 4294 524 4339 cestris.

253 4393 262 4429 t
282 4377 313 4430 Et
329 4387 429 4432 nostrae
443 4376 662 4446 congregationis
676 4375 702 4430 ln
716 4377 817 4445 ipstnn.
835 4396 844 4430 r
861 4375 975 4443 Quando
991 4394 1005 4433 a

214 4479 330 4536 quatuor
343 4471 431 4522 seruis
444 4467 506 4522 coeli
534 4465 773 4537 congregabuntur
787 4468 865 4524 electi
894 4469 1004 4540 (lintris.

214 4575 271 4622 aru,
289 4561 335 4629 al)
352 4570 398 4614 :ut
418 4559 464 4613 ttbi
486 4559 569 4615 luerit
591 4575 700 4630 eorpus,
721 4559 775 4614 illic
789 4575 953 4617 concurram
979 4571 1007 4617 ot

215 4651 312 4721 aquilae
324 4650 403 4720 libid.
418 4650 474 4721 28).

1053 720 1111 786 25).

1091 833 1099 864 ι
1120 811 1252 878 Quoniam
1270 813 1322 869 nisi
1343 812 1449 870 uenerit
1462 813 1595 871 discessio
1612 816 1740 886 primum.
1757 837 1767 870 r
1783 818 1841 877 Nisi

1053 904 1237 959 Antichristus
1258 905 1380 970 uenerit,
1400 920 1456 960 uou
1477 905 1567 961 reniet
1590 906 1726 964 Christus.
1763 909 1842 977 Quod

1052 1003 1143 1049 antem
1171 995 1367 1051 discessionem
1389 997 1435 1053 hio
1454 996 1530 1062 dicit,
1553 998 1617 1053 alibi
1643 1000 1771 1069 resupinam
1796 1016 1843 1070 ap·

1053 1083 1173 1150 pellaris.
1197 1082 1225 1138 ln
1249 1083 1353 1140 Latinis
1374 1086 1576 1157 exemplaribus
1591 1100 1735 1160 utrumque
1750 1093 1785 1146 ita
1802 1095 1843 1149 in·
1890 1135 1893 1141 .

1053 1170 1226 1239 telligondum
1245 1182 1297 1240 cst,
1314 1175 1387 1242 qnod
1405 1175 1457 1229 nisi
1474 1177 1579 1231 uenerit
1600 1178 1691 1249 relega
1707 1179 1841 1248 ueritatis,
1876 1231 1894 1248 ,

1053 1259 1111 1314 sire
1131 1261 1173 1314 sui
1197 1262 1366 1332 principatus
1386 1262 1521 1327 desertor.
1543 1266 1601 1321 site
1622 1268 1753 1323 discessio
1776 1286 1841 1340 gen·

1055 1349 1140 1404 tilium
1176 1367 1191 1405 a
1226 1368 1310 1423 regno
1343 1355 1486 1423 bernano,
1520 1357 1592 1413 sicut
1618 1360 1645 1413 in
1664 1360 1843 1433 barrieleper

1054 1440 1148 1496 bestie
1166 1444 1311 1508 imaginem
1326 1445 1403 1500 dicit.

1093 1549 1103 1582 t
1131 1531 1163 1587 Et
1189 1533 1323 1590 revelatus
1348 1534 1430 1591 luerit
1445 1538 1525 1594 homo
1544 1538 1657 1611 peccati.
1683 1539 1843 1599 »Diabolus

1054 1623 1169 1679 scilicet.

1094 1733 1103 1767 ι
1126 1716 1211 1772 Filius
1228 1719 1398 1786 perditionis.
1428 1740 1438 1775 r
1462 1720 1512 1789 Qut
1536 1739 1597 1778 cunr
1618 1724 1694 1794 qnasi
1716 1724 1767 1780 sibi
1794 1740 1842 1779 ua·

1056 1815 1125 1870 tntu,
1150 1810 1263 1863 servitio
1289 1811 1436 1875 possidebit
1461 1828 1469 1867 :
1496 1812 1543 1882 qni
1569 1816 1719 1868 secuudum
1746 1813 1844 1871 isaiam
1936 1806 1939 1814 ’

1055 1900 1219 1955 conlurbaro
1246 1900 1344 1956 dicitur
1372 1914 1466 1971 gentes
1495 1903 1578 1971 (ian.
1594 1919 1669 1971 urrr,
1683 1903 1722 1972 ἲ).

1018 1993 1040 2049 Β
1093 2007 1103 2041 ι
1130 1988 1181 2055 Qui
1198 1991 1357 2047 adversatur
1373 2003 1400 2047 et
1413 1993 1551 2050 extollitur
1564 2012 1646 2066 snpra
1661 2011 1753 2057 nurne.
1769 1999 1842 2067 qnod

1051 2080 1153 2136 dicitur
1169 2082 1251 2148 Deus,
1271 2094 1320 2139 ant
1338 2086 1409 2154 qnod
1429 2088 1527 2141 colitur
1548 2103 1555 2140 a
1573 2089 1609 2141 ita
1630 2089 1654 2142 in
1675 2092 1774 2156 templo
1795 2089 1843 2145 Dei

1051 2177 1154 2238 sedeat,
1182 2176 1329 2230 ostendens
1349 2191 1379 2231 se
1404 2183 1530 2245 tanquam
1556 2177 1689 2234 sitllens.
1718 2198 1728 2231 ι
1755 2181 1843 2250 Supra

1050 2281 1158 2320 ornnem
1176 2266 1325 2333 potentiam
1354 2276 1381 2321 et
1398 2270 1576 2323 aeternitatem
1595 2284 1625 2324 se
1638 2269 1754 2340 jactabit
1776 2287 1784 2325 :
1813 2281 1843 2325 ut

1051 2366 1220 2412 sacramenta
1235 2356 1347 2412 culturae
1361 2358 1498 2428 corrigere
1527 2358 1569 2413 uei
1587 2374 1686 2428 augere
1701 2375 1731 2415 se
1756 2360 1841 2426 dicat,

1052 2454 1079 2501 el
1099 2448 1230 2517 templum
1243 2445 1396 2502 Jerusalem
1413 2450 1524 2504 relicere
1541 2450 1666 2516 tentabit,
1692 2465 1841 2520 omnesque

1052 2536 1120 2607 legis
1143 2542 1321 2593 caerernnnias
1345 2549 1515 2607 restaurare;
1541 2550 1644 2596 tantum
1668 2552 1698 2596 ut
1720 2543 1842 2599 veritatis

1051 2630 1153 2686 Christi
1178 2630 1353 2700 Esarrgclium
1379 2631 1482 2697 solrat;
1507 2647 1566 2702 quae
1591 2648 1634 2688 res
1656 2630 1758 2689 lttdreis
1779 2647 1841 2687 enrn

1052 2735 1100 2790 pto
1124 2722 1234 2775 Christo
1266 2722 1405 2790 suscipere
1432 2723 1566 2789 suadebit,
1592 2723 1619 2778 in
1644 2739 1702 2792 sur»,
1727 2740 1782 2779 nott
1797 2723 1842 2780 boi

1053 2814 1161 2868 trornine
1177 2815 1340 2869 sortientem.

1090 2928 1098 2959 ι
1122 2905 1183 2961 Non
1201 2905 1340 2974 retinetis,
1361 2908 1433 2976 quod
1452 2921 1514 2963 cnm
1538 2909 1625 2961 adbuc
1652 2920 1741 2962 essent
1772 2908 1843 2974 apud

1053 3014 1112 3064 ros,
1133 3000 1191 3053 bac
1215 2997 1339 3052 dicebam
1364 3000 1451 3054 robis.
1480 2984 1512 3052 Et
1534 3014 1609 3067 nnnc
1629 2999 1693 3068 qnid
1711 2999 1843 3063 detineat,

1052 3090 1149 3146 scitis.
1184 3087 1355 3157 assoensi,
1388 3099 1631 3159 tranctantem,
1663 3101 1691 3144 nt
1717 3104 1769 3144 non
1795 3105 1844 3146 re·

1054 3182 1123 3236 niet.

1093 3293 1103 3327 ι
1130 3274 1166 3331 tta
1188 3275 1322 3331 reueletur
1348 3275 1374 3331 in
1397 3289 1448 3332 suo
1468 3286 1601 3346 tempore.
1619 3294 1628 3329 ι
1646 3271 1724 3342 Quod
1737 3285 1844 3346 tenipus

1056 3367 1176 3421 ntmdnm
1193 3368 1312 3423 advenit.

1092 3476 1101 3509 ι
1125 3458 1192 3512 Natu
1218 3460 1376 3530 mysterium
1401 3460 1457 3529 jaan
1481 3469 1609 3528 oporatur
1630 3457 1799 3528 iniquitatis.
1831 3475 1841 3511 t

1053 3547 1082 3602 in
1108 3541 1152 3602 bis
1175 3549 1220 3618 qni
1244 3548 1320 3605 falsis
1343 3550 1475 3604 doctrinis
1503 3551 1566 3620 ejus
1591 3551 1720 3620 praevium
1741 3548 1846 3603 iaciunt

1055 3638 1106 3695 iter
1129 3658 1225 3711 :quos
1246 3640 1344 3697 beaten
1364 3640 1484 3698 loannes
1508 3643 1537 3698 in
1562 3642 1691 3697 ntundnan
1711 3641 1777 3695 dicit
1797 3657 1844 3697 ex-

1054 3745 1118 3787 isse.

1046 3835 1050 3843 “
1094 3843 1103 3876 ι
1133 3823 1248 3879 Tatrtunt
1263 3836 1292 3882 ut
1305 3826 1351 3896 qui
1374 3837 1447 3881 tenet
1466 3840 1549 3889 nunc,
1571 3832 1660 3880 teneat
1680 3841 1689 3881 ι
1709 3824 1795 3880 donec
1812 3825 1846 3879 de

1055 3915 1145 3971 medio
1159 3917 1214 3971 liat.
1231 3917 1262 3970 Et
1278 3917 1523 3972 tnrrc'rcrclabitur
1540 3915 1737 3985 itle'tniqnnsn
1754 3914 1846 3972 Donec

1055 4023 1180 4079 regnum,
1214 4009 1286 4078 qnod
1308 4023 1380 4063 stunc
1405 4017 1499 4074 tenet,
1524 4007 1557 4062 dc
1580 4005 1670 4061 medio
1688 4005 1845 4074 anieratur,

1054 4104 1131 4173 prius
1154 4118 1235 4169 onam
1260 4102 1443 4158 Antichristus
1461 4105 1606 4157 reueletur.

1097 4213 1106 4246 ι
1126 4198 1211 4261 Quern
1235 4195 1366 4251 Dominus
1387 4193 1466 4250 lesus
1489 4193 1634 4248 interficiet
1658 4191 1755 4262 spiritu
1777 4194 1838 4251 oris

1057 4284 1110 4341 sui.
1126 4304 1136 4337 ι
1155 4284 1266 4340 Crclcsti
1282 4284 1407 4356 irnperio,
1424 4284 1465 4337 sel
1481 4286 1549 4340 solo.
1592 4273 1595 4279 ’

1095 4395 1104 4429 ι
1126 4376 1159 4429 Ει
1173 4378 1294 4431 destruct
1309 4375 1495 4431 illustratione
1507 4378 1640 4430 aduentus
1660 4376 1715 4432 sni.
1733 4392 1743 4427 ι
1763 4374 1845 4442 erir,

1057 4469 1131 4525 sicut
1144 4467 1244 4536 lulgnr,
1262 4468 1361 4539 ubique
1378 4468 1532 4524 coruscabit
1558 4468 1586 4521 in
1617 4469 1726 4532 rtiendo,
1747 4468 1845 4524 solutis

1057 4560 1256 4629 comnrotisqne
1268 4558 1411 4615 elementis
1431 4574 1480 4630 per
1496 4560 1596 4629 ignem.

1016 4679 1045 4740 D
1096 4671 1105 4705 ι
1125 4653 1204 4720 Ειιιιι,
1218 4653 1295 4723 cujus
1305 4663 1345 4709 est
1357 4655 1490 4709 adrentus
1500 4653 1648 4709 secundnm
1658 4653 1846 4723 operationem

255 4760 264 4794 ι
291 4740 326 4798 Ut
349 4760 402 4796 nou
424 4745 477 4798 cito
497 4742 659 4797 nroueanrini
680 4758 696 4798 a
719 4752 811 4797 restro
833 4756 933 4808 sensu,
956 4758 1003 4799 ne-
1057 4744 1165 4801 Satanae
1181 4746 1207 4800 in
1225 4745 1300 4801 omni
1314 4746 1422 4811 uirtute,
1437 4757 1465 4802 et
1480 4746 1566 4815 signis
1582 4756 1608 4801 et
1625 4747 1754 4815 prodigiis
1770 4762 1845 4799 meu·

215 4847 268 4902 que
290 4835 464 4888 terreamini.
491 4853 501 4885 r
531 4834 670 4888 l'eriacilis
690 4843 751 4899 est,
779 4835 825 4902 qui
843 4832 1001 4890 deuonnni

217 4929 332 4981 adventu
349 4935 442 4981 contra
459 4926 639 4998 euangelicam
658 4926 822 4981 sententiam
842 4939 1001 4982 commore-

217 5026 269 5072 llll.

254 5128 264 5160 ι
283 5107 375 5173 Nenrre
388 5121 435 5177 per
450 5108 585 5176 spiritum,
599 5121 688 5175 nenne
704 5120 752 5178 per
765 5120 948 5163 sermonem.»
964 5103 1004 5161 lle

215 5200 293 5269 sigua
317 5216 364 5254 ros
383 5208 514 5263 terreant,
531 5201 608 5269 qnasi
623 5214 670 5266 per
692 5200 816 5268 spiritum
832 5197 902 5251 lacta
913 5213 921 5265 ;
940 5198 1002 5267 quia

215 5302 243 5346 ct
258 5291 311 5346 hoc
327 5292 450 5347 Salvator
465 5303 528 5346 ante
544 5281 705 5362 praemonuit
720 5307 727 5344 :
741 5305 827 5360 nonne
840 5303 932 5345 sermo
947 5291 1004 5346 dia·

215 5380 318 5435 lecticae
330 5397 377 5435 vos
391 5383 512 5437 seducat.
749 5438 750 5441 ,

218 5474 220 5478 ’
254 5496 263 5525 ι
292 5472 385 5539 Neque
408 5489 456 5542 per
479 5471 620 5542 epistolam
644 5480 773 5543 tanqrtam
798 5486 846 5541 per
862 5487 911 5526 nos
936 5472 1002 5529 mis·

215 5580 288 5621 sant.
304 5583 314 5616 r
333 5565 461 5635 Poterant
475 5575 503 5620 et
518 5568 568 5619 hoe
583 5565 715 5620 diabolica
731 5567 888 5635 excogitare
904 5579 1008 5641 versu·-

216 5661 265 5722 tia,
288 5657 359 5713 sicot
383 5657 410 5712 in
436 5658 526 5712 multis
549 5656 711 5728 apocryphis
735 5665 858 5726 apparet,
882 5671 942 5728 quae
968 5659 1003 5713 ad

215 5749 295 5807 iilenr
312 5750 430 5817 perlldia·
442 5749 603 5812 faciendam,
618 5746 801 5818 apostolorum
815 5748 924 5804 nornine
939 5748 1003 5805 inti·

217 5845 347 5898 inlautur.

256 5951 266 5987 ι
284 5933 367 5999 Quasi
382 5935 462 5992 instet
476 5936 534 5993 dics
552 5933 668 5992 bornlni.
687 5931 726 5991 lle
746 5932 808 6005 quis
826 5946 874 5990 ros
891 5933 1004 5996 seducat

1055 4838 1186 4902 dacibus,
1211 4846 1239 4892 et
1254 4837 1368 4892 inomni
1382 4837 1542 4893 seductione
1556 4837 1779 4908 iniqnitatis-his
1795 4838 1842 4907 qni

1055 4947 1181 5004 pereunt.
1200 4937 1302 4992 ›Sicut
1321 4948 1384 4992 ante
1402 4939 1545 5006 praedixit,
1572 4937 1679 4991 baberet
1698 4937 1794 5005 riona,
1815 4939 1845 4989 ttl

1055 5029 1192 5094 seducant,
1212 5030 1234 5082 si
1247 5028 1306 5098 fieri
1321 5038 1417 5097 potest,
1435 5031 1513 5084 etiam
1527 5029 1620 5083 electos
1635 5026 1746 5099 (llottls.
1765 5041 1841 5094 artu,

1052 5119 1121 5186 at).
1147 5136 1196 5190 per
1219 5121 1390 5189 phantasiam
1414 5121 1668 5187 simulationemque
1692 5120 1841 5184 rirtntnrn;

1054 5213 1124 5266 siout
1138 5210 1250 5267 iamnes
1266 5222 1293 5266 et
1304 5212 1424 5269 blarnbre
1437 5227 1528 5268 coram
1555 5211 1694 5265 Pharaone
1720 5207 1843 5264 lecerunt

1054 5305 1155 5376 (Eroti.
1172 5323 1207 5370 rt,
1226 5308 1282 5379 tt).

1094 5416 1103 5450 ι
1121 5397 1160 5454 Eo
1172 5399 1244 5467 quod
1265 5399 1389 5456 veritatis
1413 5399 1573 5455 charitatem
1598 5412 1649 5452 non
1668 5401 1842 5463 ret-eperunt,

1054 5499 1085 5546 nt
1105 5490 1173 5544 salui
1189 5491 1295 5546 herent.
1309 5489 1372 5547 ldeo
1388 5491 1475 5546 mittet
1496 5489 1550 5546 illis
1568 5490 1639 5544 bens
1653 5483 1840 5556 operationem

1053 5583 1168 5648 erroris,
1183 5593 1213 5637 ut
1235 5583 1349 5639 credant
1375 5583 1527 5639 mendacio.
1548 5601 1558 5634 r
1577 5579 1715 5635 Permittit
1729 5577 1844 5642 renire·,

1054 5689 1117 5729 nam
1137 5677 1159 5730 si
1175 5673 1247 5731 bens
1266 5675 1360 5742 mittit,
1380 5691 1432 5731 non
1448 5686 1492 5732 est
1508 5673 1631 5745 operatio
1647 5671 1767 5727 Sarranae.

1094 5785 1103 5819 ι
1121 5764 1319 5837 Utjudicentur
1333 5783 1428 5823 omnes
1442 5767 1487 5838 qni
1503 5781 1557 5822 non
1577 5764 1753 5821 crediderunt
1768 5760 1838 5814 reri·

1053 5856 1113 5920 tati,
1129 5857 1177 5912 sed
1198 5866 1397 5913 consenserunt
1409 5857 1557 5928 iniquitali.
1576 5872 1586 5908 r
1605 5853 1664 5911 Non
1681 5866 1711 5907 se
1725 5859 1838 5922 propiet·

1055 5945 1252 6005 iucarnationis
1264 5945 1372 6006 Christi
1380 5933 1865 6006 obscuritanmeaeasnn,nisena
