4109 6434
204 452 258 524 iii

599 453 787 517 rrrsrorn
809 455 863 517 tx.
882 454 932 515 tn
955 451 1112 514 riturtu
1133 451 1182 512 nr
1201 408 1462 513 eusrrunmu.

1787 447 1840 510 id

203 563 309 633 iigebat
324 563 467 620 Christum
488 579 519 621 es
541 574 598 622 toto
615 568 707 637 corde,
724 579 751 624 et
771 582 803 623 es
824 578 881 623 tota
898 567 1000 640 anime,
1014 567 1041 628 Α
1053 576 1134 617 onrne
1162 578 1243 632 genn.
1265 562 1301 616 lte
1320 561 1400 628 buius
1428 558 1556 612 nimirum
1581 556 1615 610 ad
1635 556 1720 627 cretos
1739 571 1839 611 ascen·

203 669 237 712 et
249 671 282 712 es
300 667 356 711 tota
372 658 483 725 uirtute,
499 659 576 715 notis
598 668 686 715 tannen
705 661 827 731 quotidie
846 659 998 716 inflamma·

207 751 289 803 batur
318 750 461 816 praeseutia
489 751 589 806 absens
615 753 811 808 desideriorum
839 751 996 816 adscribam

207 850 286 895 tanto
302 840 440 910 siquidem
457 843 582 909 ualidius,
599 854 703 913 quanto
724 844 825 899 diuinis
844 843 997 898 illustraba-

208 945 253 988 tnr
277 932 352 988 intus
376 933 600 1002 visitationibus,
625 950 706 1005 quam
734 945 817 993 totam
845 936 998 1006 repleverat

207 1025 329 1096 Spiritus
354 1026 444 1082 saneti
469 1028 575 1096 gratia;
602 1041 682 1098 quant
710 1038 793 1083 totam
819 1026 997 1083 incanduerat

206 1118 316 1171 diuinus
334 1132 411 1172 amor
426 1133 434 1174 a
450 1118 487 1173 ita
506 1129 536 1172 ιιι
552 1120 579 1174 iu
599 1133 633 1175 ea
656 1119 723 1175 uilril
745 1127 828 1182 esset,
843 1118 997 1174 mundanus

205 1211 279 1279 qnod
306 1211 420 1264 rinlaret
445 1209 577 1279 affectus,
600 1211 648 1267 sed
674 1213 756 1272 ardor
779 1211 944 1276 eorrtinuus,
969 1217 996 1266 et

205 1303 326 1356 ebrietas
343 1301 447 1373 periuri
464 1302 577 1359 suroris.
594 1301 662 1357 Nasu
686 1314 716 1358 et
737 1302 863 1357 Christus
889 1305 922 1357 ab
947 1302 997 1356 bo·

208 1393 328 1449 minibus
353 1401 396 1449 est
423 1397 568 1461 arnaudus,
585 1410 618 1450 ex
645 1403 702 1450 toto
724 1395 817 1459 corde.
833 1403 861 1450 et
883 1410 916 1450 ex
942 1402 996 1448 tota

206 1486 310 1551 anima,
327 1494 413 1557 atquc
428 1500 462 1541 es
485 1495 539 1540 tots
555 1486 657 1541 virtute
671 1484 858 1555 quarendus:
879 1483 997 1538 maxime

208 1589 297 1632 rauren
321 1578 356 1634 ab
376 1592 408 1633 ea
433 1579 584 1642 ardentius,
599 1575 678 1647 eujus
692 1587 719 1631 et
740 1576 869 1632 liorrriurts
884 1585 953 1639 crat,
968 1582 996 1630 et

208 1670 289 1723 lilius.
304 1666 444 1723 Fortassis
456 1681 522 1738 ergo
537 1681 592 1736 pras
605 1666 690 1721 nimio
704 1681 808 1730 amore,
822 1665 850 1720 in
866 1664 928 1721 loco
941 1677 996 1734 quo

204 1760 330 1830 sepultus
341 1760 453 1827 «licitur,
468 1758 602 1814 interdum
615 1757 752 1813 habitasse
764 1770 824 1811 eam
838 1753 993 1822 eredimus:

206 1848 341 1921 quatenus
362 1852 414 1922 piis
434 1861 592 1921 pasceretur
608 1849 734 1903 internus
749 1862 826 1901 arnor
843 1845 992 1901 obtutibus.

1051 655 1137 719 sione,
1154 650 1519 708 nurltoadnrirantisintuitu
1533 661 1703 705 secretorum
1718 663 1839 704 ennena·

1051 746 1139 812 ptaror
1153 745 1307 799 coelestium
1323 745 1348 796 in
1364 742 1486 796 Canticis
1505 757 1512 797 ι
1538 740 1609 807 Vidi,
1624 742 1725 812 inquit,
1740 743 1839 812 specio·

1050 854 1108 890 snm
1137 836 1332 896 escendentem,
1359 835 1437 903 qumi
1454 833 1600 887 creandam
1624 839 1738 904 desuper
1771 839 1840 888 riuos

1048 944 1190 996 uquarum.
1217 927 1252 982 Et
1269 943 1335 980 scre
1362 928 1486 996 speciosa
1515 928 1593 999 quasi
1620 927 1755 994 columba,
1772 932 1837 998 quia

1049 1019 1122 1074 illius
1133 1018 1252 1088 speciem
1264 1017 1396 1073 columbae
1408 1033 1440 1074 ac
1451 1018 1657 1089 simplicitatem
1668 1020 1840 1080 demonstra·

1050 1108 1109 1175 bat,
1126 1123 1188 1179 qnae
1200 1123 1282 1178 snper
1296 1107 1441 1163 liondnum
1457 1112 1541 1171 verrit,
1552 1118 1580 1168 ct
1593 1112 1686 1166 docuit
1695 1111 1837 1175 ioannem.

1049 1199 1123 1270 quod
1138 1199 1182 1255 liic
1193 1210 1236 1255 cst
1250 1201 1295 1268 qni
1324 1200 1454 1271 baptizat.
1470 1201 1503 1259 tlt
1525 1203 1603 1270 beno,
1623 1205 1748 1276 desuper.
1766 1207 1839 1261 riros

1049 1306 1195 1361 aquarum,
1207 1291 1271 1360 quia
1286 1307 1368 1359 super
1385 1307 1483 1363 aqrram
1505 1291 1660 1351 reiectionis
1672 1294 1837 1350 educaverat

1047 1397 1107 1438 earn
1121 1383 1253 1438 bantinus
1263 1393 1291 1437 et
1305 1383 1460 1441 nutriverat
1473 1383 1560 1455 (Prot.
1573 1398 1643 1451 ssu,
1656 1387 1684 1456 ἲ)
1707 1406 1713 1442 :
1730 1403 1762 1443 er
1783 1404 1836 1458 qua

1048 1474 1127 1528 multi
1145 1475 1253 1528 deducti
1270 1475 1331 1541 riri,
1351 1489 1459 1530 ornnem
1477 1477 1593 1549 irrigant
1609 1479 1838 1535 terrant'delicia·

1049 1581 1120 1635 mm,
1148 1576 1175 1622 et
1206 1567 1352 1620 inlumlrnrt
1379 1567 1490 1622 bortum
1507 1571 1664 1638 uoluptatis,
1688 1557 1837 1641 exquibus

1047 1658 1170 1728 quotidie
1185 1659 1221 1713 ita
1237 1668 1264 1713 et
1284 1657 1395 1728 perlusa
1410 1658 1488 1714 beata
1512 1657 1559 1715 liei
1579 1665 1694 1733 genitrix
1714 1663 1836 1716 ascendit

1050 1751 1182 1807 lrodierna
1196 1752 1240 1806 dre
1255 1752 1378 1820 speciosa
1399 1752 1478 1807 ualde
1502 1763 1529 1806 ct
1546 1755 1717 1809 admirabilis
1737 1755 1837 1824 arrius

1046 1845 1111 1897 odor
1138 1843 1332 1898 inestimabilis
1351 1855 1408 1899 erut
1435 1846 1525 1913 trimis,
1541 1856 1569 1902 et
1596 1847 1658 1905 idco
1676 1848 1833 1905 ineffabilis·
1872 1864 1876 1897 ἑ

208 1941 254 1999 Sic
269 1958 387 2014 namque
399 1944 476 1998 locus
491 1940 596 1996 rnedius
608 1951 652 1995 est
665 1940 729 1995 binc
743 1938 807 1994 iude
819 1937 996 2001 constitutus,
1013 1927 1034 1986 B
1050 1936 1088 1989 Αιι
1104 1935 1184 2002 crrjus
1213 1936 1335 2005 prolecto
1355 1936 1533 2006 fragrantiam
1550 1939 1653 2005 odoris,
1673 1940 1764 1995 omuis
1791 1941 1835 1995 illa

1050 2026 1168 2080 coelestis
1181 2023 1334 2104 ierusalem
1353 2027 1414 2081 luta
1426 2028 1559 2094 decurrit,
1575 2045 1656 2100 quam
1681 2032 1836 2088 circumda·

205 2047 236 2091 ut
250 2037 327 2090 adire
346 2045 440 2104 posset
459 2033 630 2089 ascensionis
644 2032 704 2102 ejus
721 2030 845 2102 uestigia,
862 2040 890 2085 et
906 2027 994 2083 locum

205 2129 352 2197 sepntrnrae
376 2142 409 2182 ac
433 2126 661 2190 resurrectionis,
681 2134 709 2179 et
731 2123 821 2178 omnia
845 2123 871 2176 in
896 2121 995 2192 quitur

206 2233 304 2289 passus
320 2226 374 2280 cst,
390 2216 449 2272 loca
467 2215 586 2270 inrisere
601 2231 608 2268 :
626 2229 681 2268 nort
701 2214 773 2284 quod
786 2213 842 2284 jam
858 2212 993 2266 virentem

205 2321 340 2381 qrraereret
362 2324 425 2365 eum
452 2309 579 2374 mortuis,
601 2306 649 2364 scd
673 2316 702 2362 ut
726 2307 784 2361 suis
806 2304 995 2361 consolaretur

205 2401 373 2469 aspectibus.
400 2399 456 2456 lloc
479 2402 578 2471 quippe
601 2399 682 2455 babet
704 2399 848 2468 impatiens
867 2412 944 2451 amor
965 2406 993 2450 ut

206 2511 266 2565 que
288 2494 436 2556 desiderat,
454 2507 562 2563 semper
584 2492 707 2547 invenire
722 2506 752 2546 se
767 2490 868 2546 credat.
886 2489 994 2560 lgeorat

207 2590 342 2658 siquidem
356 2585 500 2656 iudicium,
515 2589 621 2641 ratione
636 2584 773 2640 multoties
786 2596 870 2650 caret,
885 2584 991 2637 niodum

109 2746 113 2754 .
207 2696 231 2733 rr·
243 2683 307 2746 scit,
322 2694 373 2734 uec
389 2678 462 2733 aliud
476 2679 596 2749 cogitare
610 2687 699 2749 potest
713 2692 794 2744 quam
807 2676 879 2745 quod
893 2674 990 2747 diligit.

204 2772 289 2828 drrror
311 2786 364 2826 non
382 2771 482 2840 accipit
500 2768 533 2824 de
552 2768 771 2838 irnpossitilitate
788 2769 925 2829 solatium,
941 2781 991 2822 uc·

203 2877 257 2932 qur
277 2878 311 2916 cr
336 2861 495 2916 difficultate
519 2860 763 2926 reuertentem
786 2859 891 2913 scilicet
915 2861 990 2914 beata

203 2958 281 3025 virgo
296 2952 393 3017 bieria,
411 2950 608 3024 quamvisjam
631 2953 657 3005 in
682 2952 779 3020 spiritu
800 2958 882 3015 esset,
900 2958 989 3003 tamen

203 3047 269 3101 dont
283 3046 311 3100 iu
327 3060 410 3101 carno
422 3046 499 3111 risit,
511 3043 666 3098 carnalibus
681 3044 840 3098 movebatur
852 3043 988 3104 sensibus.

203 3152 230 3194 et
248 3138 309 3193 idco
328 3153 410 3209 qnam
433 3152 504 3207 sepe
528 3138 648 3191 tororum
666 3136 841 3190 recreabatur
858 3133 990 3189 uisitatio-

204 3234 286 3286 nibus
303 3247 311 3286 a
328 3242 356 3286 et
378 3245 459 3296 quem
482 3237 623 3300 genuerat,
640 3229 739 3283 ruentis
760 3226 989 3294 complectebatur

202 3321 386 3392 amplexibus.
420 3320 540 3390 benique
570 3333 646 3374 antor
678 3317 801 3382 Cirristi,
827 3316 988 3372 desiderium

200 3414 341 3484 periebat!
368 3415 533 3468 desiderium
561 3425 625 3466 uero
648 3410 786 3481 gliscens,
811 3409 888 3479 quasi
913 3409 990 3465 notis

203 3506 383 3573 reparabatur
405 3505 558 3567 ardoribus,
579 3504 713 3557 intantum
739 3512 768 3556 ut
789 3499 899 3556 credam
920 3515 990 3555 tron-

204 3610 355 3666 nnnquam,
370 3596 442 3665 qnod
462 3597 553 3650 onmia
571 3595 695 3648 etiamst
711 3595 882 3664 seruetipsaut
900 3604 988 3647 trans·

203 3693 333 3746 tenderet
343 3704 352 3745 t
364 3691 430 3761 quta
445 3690 556 3744 omuino
567 3703 645 3745 antor
656 3688 809 3756 impatiens,
822 3686 893 3755 rpuod
904 3693 990 3749 aruat,

205 3797 259 3836 non
275 3791 365 3851 potest
380 3796 434 3835 nou
450 3782 553 3836 ridere.
570 3776 639 3837 iiiuc
655 3789 707 3847 est,
722 3779 904 3847 otiosissime,
919 3781 989 3848 quod

200 3889 298 3930 omnes
319 3873 407 3929 sarrmi
435 3875 526 3930 omnia
552 3888 612 3944 quae
638 3883 806 3938 meruerant,
826 3889 875 3944 pro
899 3874 991 3945 paruis

201 3969 316 4030 eluxere,
327 3967 351 4021 si
362 3963 505 4021 [lominum
514 3981 595 4037 quem
607 3978 831 4034 arrrarerant,uon
846 3967 968 4022 riderent
980 3982 987 4022 a

201 4057 283 4114 sicuti
293 4065 321 4112 ct
331 4057 497 4113 venerabilis
508 4059 585 4114 beata
597 4059 671 4127 uirgo
682 4057 837 4125 liaria,uou
850 4058 988 4127 indignum

200 4166 219 4220 p
234 4150 448 4205 oiuuuruerisct
458 4150 748 4206 irrnnensisbenelieiis
758 4153 888 4207 reddebat
906 4152 989 4208 iuter·

200 4254 265 4294 uum
273 4241 434 4310 obsequium
442 4241 607 4309 sanctitatis,
617 4242 680 4295 dunt
691 4241 883 4296 benedictorum
893 4242 920 4296 in
934 4252 989 4297 tcr·

201 4334 242 4386 ris
254 4334 345 4401 posita
374 4346 427 4388 uon
451 4340 562 4402 poterat
579 4334 670 4388 videre
687 4335 842 4404 largitorem
858 4351 865 4390 a
886 4345 913 4390 ct
929 4337 990 4391 ideo

200 4424 987 4498 bodie,dileetissinre,eletatursuperelrorosangelorum,

201 4526 230 4568 ut
240 4517 328 4584 possit
338 4516 457 4586 speciem
471 4516 626 4584 vultumque
636 4516 728 4571 ridere
737 4515 898 4580 Salvatoris,
907 4533 987 4586 quern

1049 2116 1114 2171 bant
1138 2115 1221 2173 dores
1245 2134 1369 2173 rosarum
1396 2127 1424 2172 et
1444 2118 1500 2172 lilia
1520 2121 1695 2188 eorrrallium,
1715 2137 1747 2177 co
1763 2124 1835 2194 quod

1048 2223 1145 2265 orrrnes
1174 2209 1274 2264 animae
1300 2211 1434 2280 martyrio
1460 2213 1615 2279 rubricatae,
1642 2228 1702 2268 cant
1728 2225 1835 2270 aeternat

1049 2299 1206 2354 dilectionis
1219 2300 1439 2371 corripiectuntur
1450 2301 1621 2370 amplexibus
1632 2319 1641 2371 ;
1654 2313 1681 2359 et
1697 2306 1834 2376 uirginita·

1049 2396 1084 2445 tis
1101 2392 1248 2462 splendore
1263 2392 1425 2457 eatrdidatae,
1441 2408 1473 2448 ac
1487 2396 1511 2450 si
1530 2394 1584 2449 lilia
1600 2397 1627 2451 in
1649 2398 1718 2453 selle
1742 2401 1834 2457 lrunri·

1049 2485 1133 2538 litatis
1147 2485 1285 2554 enutritae,
1300 2486 1471 2540 circumdant
1483 2502 1555 2552 eam,
1574 2490 1759 2545 uenerationis
1773 2507 1834 2561 gra·

1049 2574 1084 2628 tia
1102 2577 1296 2644 obsequentes.
1312 2578 1397 2632 llecte
1416 2577 1499 2648 igitur
1514 2594 1523 2635 t
1538 2581 1667 2651 quoniam
1690 2584 1768 2637 beata
1787 2584 1833 2638 tter

1047 2670 1164 2736 genitrix
1177 2679 1205 2722 et
1222 2680 1336 2739 martyr,
1348 2679 1377 2724 et
1394 2670 1470 2742 virgo
1488 2671 1549 2735 luit.
1566 2675 1690 2742 quamuis
1714 2676 1740 2730 in
1767 2691 1834 2747 pace

1048 2762 1129 2813 ritarn
1152 2758 1264 2815 finierit.
1289 2759 1359 2816 ilino
1377 2776 1487 2832 qnoque
1508 2767 1580 2834 quod
1600 2780 1662 2822 rere
1687 2782 1768 2838 passa
1783 2771 1831 2837 sit,

1046 2862 1162 2906 testatur
1178 2851 1288 2908 Simeon
1309 2854 1453 2923 propbeta,
1478 2856 1592 2926 loquens
1619 2860 1653 2914 ad
1682 2877 1769 2918 eam:
1797 2862 1832 2918 lt‘t

1047 2955 1132 3008 tunm,
1156 2945 1254 3014 inquit,
1284 2946 1366 3013 ipsius
1388 2949 1505 3002 animust
1533 2955 1706 3019 pertransibit
1724 2956 1831 3024 gladius

1045 3036 1122 3096 thc.
1138 3054 1168 3103 ιι,
1188 3039 1245 3108 55).
1268 3040 1307 3094 Ea
1324 3055 1380 3111 quo
1400 3055 1508 3100 constat
1530 3046 1600 3114 quod
1625 3061 1708 3117 supra
1729 3061 1832 3121 marty·

1046 3147 1101 3184 reru
1123 3130 1215 3186 luerit.
1228 3131 1281 3185 dlii
1298 3147 1417 3202 namque
1429 3136 1529 3200 structi,
1543 3137 1595 3193 etsi
1610 3139 1683 3206 passi
1699 3151 1763 3194 sunt
1782 3156 1831 3208 pru
1874 3146 1878 3155 ’

1043 3225 1154 3278 Caristo
1168 3224 1195 3278 in
1209 3237 1302 3289 carue,
1320 3234 1409 3280 tamen
1426 3226 1453 3280 iu
1469 3228 1571 3293 anirrra,
1591 3230 1655 3299 quir
1667 3231 1832 3290 immortalis

1044 3326 1096 3383 est,
1115 3317 1172 3387 pati
1192 3331 1245 3371 nou
1270 3327 1429 3385 potuerunt.
1452 3316 1534 3376 Beata
1555 3334 1619 3377 reru
1634 3319 1682 3376 brt
1700 3324 1829 3393 genitrix,

1044 3413 1106 3479 qnia
1121 3412 1148 3464 in
1167 3425 1199 3464 ea
1217 3419 1295 3479 parto
1306 3424 1386 3480 passa
1405 3417 1460 3477 est,
1478 3425 1538 3482 quse
1555 3413 1732 3485 impassibilis
1745 3417 1830 3474 babe-

1047 3514 1100 3568 tur,
1129 3502 1200 3567 ideo,
1217 3513 1247 3555 ut
1272 3503 1308 3556 ita
1323 3498 1421 3566 latras,
1438 3503 1503 3574 quia
1526 3504 1706 3576 spiritualiter
1721 3519 1749 3564 et
1763 3524 1829 3566 caro

1043 3595 1102 3665 cjrrs
1118 3608 1195 3662 passa
1211 3603 1254 3650 est
1268 3594 1359 3665 gladio
1378 3596 1516 3666 passionis
1531 3598 1645 3667 Clrrirti,
1661 3601 1724 3670 plus
1747 3616 1828 3672 quam

1045 3699 1145 3759 martyr
1159 3688 1221 3744 init.
1240 3686 1316 3743 Unde
1328 3690 1519 3759 corrstat,quia
1535 3688 1597 3760 plus
1611 3692 1741 3749 omuibus
1759 3695 1828 3751 dile·

1045 3786 1094 3851 sir,
1110 3790 1254 3853 propterea
1272 3791 1300 3837 et
1313 3781 1373 3851 plue
1389 3780 1487 3847 doluit,
1507 3781 1644 3838 intantum
1666 3793 1696 3838 ut
1709 3787 1827 3840 animam

1044 3876 1104 3944 eins
1118 3884 1201 3928 totam
1220 3873 1399 3943 pertransiret
1422 3883 1449 3927 et
1472 3873 1624 3941 possideret
1644 3873 1686 3930 ris
1713 3875 1828 3941 doloris,

1044 3969 1077 4022 ad
1090 3966 1275 4023 testirnoninnr
1288 3963 1396 4020 crirniae
1409 3963 1571 4019 dilectionis.
1584 3963 1651 4031 Qurs
1661 3967 1724 4037 quia
1735 3977 1828 4023 tuente

1043 4076 1122 4133 passa
1138 4069 1192 4127 est,
1218 4063 1283 4127 plus
1302 4072 1383 4127 quant
1399 4064 1502 4128 martyr
1518 4057 1581 4112 tuit.
1607 4057 1741 4114 Nimirum
1755 4063 1828 4132 quod

1042 4154 1103 4225 ojus
1124 4151 1233 4207 dilectio
1246 4152 1363 4220 amplius
1382 4148 1473 4212 lortis,
1488 4163 1569 4220 quam
1598 4163 1672 4205 mors
1689 4150 1751 4218 luit,
1765 4155 1828 4223 quia

1043 4257 1156 4298 mortem
1171 4241 1271 4297 (lusisti
1282 4255 1359 4296 suam
1369 4239 1444 4294 lecit.
1455 4238 1533 4293 Nune
1545 4253 1636 4296 autern
1661 4243 1829 4301 circumdant

1042 4350 1103 4391 eam
1120 4335 1202 4391 dores
1219 4347 1354 4395 rosarum,
1367 4332 1554 4388 indesinenter
1573 4335 1633 4405 eJus
1660 4337 1829 4392 atlrnlrautes

1042 4427 1270 4498 pulchritudinem
1287 4427 1357 4481 inter
1379 4425 1448 4481 lilias
1460 4425 1609 4482 ierusalem
1623 4425 1711 4496 (Cant.
1728 4443 1759 4493 r,
1774 4429 1802 4497 i)
1819 4444 1827 4486 :

1042 4521 1071 4575 iu
1087 4533 1142 4589 qua
1160 4519 1250 4588 posuit
1266 4533 1311 4574 res
1326 4518 1456 4573 tlrronum
1480 4534 1571 4586 snum,
1588 4520 1653 4588 quia
1673 4520 1829 4591 concupivit

199 4618 353 4672 assisteret,
372 4622 451 4676 quem
473 4607 598 4677 cupierat
612 4623 645 4661 er
663 4617 718 4662 toto
733 4607 870 4667 desiderio
885 4612 987 4665 cordis.
1004 4612 1229 4686 [pejusspccicm
1253 4624 1285 4664 ac
1302 4609 1428 4666 decorem
1444 4628 1451 4665 :
1469 4610 1519 4664 icit
1543 4613 1615 4665 enirn
1633 4613 1711 4681 plena
1734 4611 1827 4667 clrari-

234 4697 584 4771 litterarumrore
611 4701 641 4755 lit
661 4700 688 4755 in
706 4701 776 4755 coelo
801 4701 837 4755 dc
863 4701 986 4769 quolibet

199 4804 343 4860 precatore
363 4786 509 4857 couierso,
538 4796 623 4846 multo
656 4794 740 4863 tnagis
764 4792 913 4861 putandum
935 4809 985 4862 pro

198 4893 282 4938 tarrrae
299 4881 418 4953 Virginis
427 4884 592 4939 exaltatiouc
605 4886 742 4953 etgloria,
754 4886 826 4952 quod
838 4887 985 4940 exsultatio

196 4974 244 5028 liat
259 4976 286 5028 in
302 4975 431 5045 superuis
445 4993 454 5030 a
466 4981 545 5046 cujus
560 4976 687 5029 rriruirum
702 4976 848 5042 lestiritas,
861 4978 983 5030 omnium

196 5083 379 5135 supernorum
397 5069 496 5121 ciriurn
512 5078 554 5124 est
566 5069 711 5138 gratulatio
729 5083 737 5125 t
754 5071 904 5137 prasertim
920 5071 983 5140 quia

194 5162 255 5231 eius
274 5161 422 5215 celebritas
442 5161 544 5215 lenset
568 5159 646 5215 lator
663 5173 705 5214 est
723 5160 884 5218 salvatoris.
906 5160 983 5216 Unde

195 5254 346 5316 credimus,
365 5262 394 5307 ut
421 5267 502 5322 supra
529 5253 631 5307 dictum
658 5256 797 5322 est,qttod
832 5270 883 5307 nott
909 5255 982 5309 ltutrc

196 5353 302 5398 unitum
330 5342 403 5397 diem
430 5345 579 5402 solemnem
613 5342 717 5396 ducunt
736 5358 785 5412 pro
802 5345 860 5413 ejus
879 5347 982 5398 bonore

195 5451 330 5501 annuum,
348 5440 539 5489 verumetiam
557 5436 715 5489 corstinuuur
736 5447 762 5489 et
779 5446 912 5490 eternum
936 5438 982 5504 iu·

194 5529 346 5582 canditatus
359 5536 387 5580 et
399 5526 500 5580 taetitia
510 5541 543 5580 ae
559 5526 742 5581 uenerationis
757 5527 901 5595 obsequio,
918 5544 980 5582 cum

194 5622 269 5673 omni
284 5619 380 5673 colunt
399 5619 519 5687 tripudio
532 5619 633 5671 artioris
648 5628 675 5672 et
692 5618 794 5689 gaudii.
811 5617 867 5674 Nee
882 5622 981 5675 imme·

193 5713 245 5764 rim
259 5714 341 5782 igitur
350 5712 440 5765 omnis
451 5711 494 5764 illa
505 5708 625 5765 coelestis
633 5709 729 5765 civitas
739 5713 944 5784 congratulatur
953 5724 982 5767 et

192 5814 340 5858 ueneratur
356 5813 469 5858 rnatrcm
488 5818 497 5861 ι
516 5804 596 5874 cujus
621 5819 750 5874 superse
774 5808 867 5860 adorat
894 5808 979 5861 lilium

193 5913 283 5968 regem
299 5914 307 5951 a
325 5879 390 5954 ante
406 5913 486 5967 quem
501 5905 621 5952 trerrmut
631 5906 789 5966 potestates,
803 5909 830 5954 et
847 5912 979 5956 ctrrratur

1039 4713 1096 4760 sate
1110 4713 1137 4758 et
1148 4702 1316 4757 dilectiones
1338 4701 1441 4757 idcirco
1456 4703 1579 4772 sequitur
1603 4714 1664 4772 post
1687 4718 1747 4758 earu
1763 4720 1828 4774 pur-

1039 4805 1198 4860 puratorum
1215 4795 1364 4857 exercitus,
1384 4803 1412 4848 et
1428 4794 1637 4849 carrdidatorunr
1651 4810 1728 4864 gres.

1074 4884 1132 4941 xv.
1147 4885 1232 4950 eram
1248 4887 1270 4940 si
1299 4886 1456 4951 diligentius
1474 4885 1603 4954 aspicias,
1627 4888 1695 4939 nitril
1715 4885 1823 4940 tir-tutis

1037 4987 1090 5045 est,
1118 4978 1185 5032 nihil
1215 4977 1413 5046 speciositatis,
1429 4977 1497 5032 ndril
1518 4978 1645 5032 candoris
1667 4981 1823 5048 gloriaeque,

1037 5071 1109 5140 qnod
1125 5083 1162 5126 cs
1184 5083 1217 5125 ca
1235 5084 1288 5124 uon
1305 5069 1487 5137 resplendeat.
1502 5067 1535 5123 Et
1548 5071 1608 5125 ideo
1625 5070 1693 5125 berre
1706 5071 1822 5124 circum·

1037 5163 1178 5216 dauteam
1205 5159 1285 5217 liores
1314 5175 1448 5225 rosarum,
1465 5171 1493 5214 ct
1514 5159 1569 5213 iiiia
1598 5161 1772 5225 corrralliunr,
1794 5172 1824 5216 ιιι

1039 5256 1153 5310 uirtutes
1170 5255 1316 5308 uirtutibus
1335 5254 1493 5322 fulciantur,
1509 5263 1537 5308 et
1552 5253 1707 5308 iorrrrositas
1723 5253 1823 5310 decore

1035 5346 1171 5400 castitatis
1193 5355 1336 5415 augeatur.
1353 5344 1422 5399 Num
1434 5347 1525 5400 onmis
1536 5345 1665 5415 splendor
1676 5353 1705 5398 et
1722 5346 1822 5414 gloria,

1034 5451 1136 5507 quanto
1153 5439 1306 5493 illustratur
1325 5437 1429 5509 iulgnre
1447 5454 1497 5493 suo
1523 5439 1676 5504 sublimius,
1691 5446 1826 5511 tarrtorp·

1036 5541 1114 5602 paret
1130 5532 1308 5602 praestantior
1335 5533 1461 5587 claritate
1474 5533 1661 5600 quorumlibet
1686 5536 1823 5600 subtecto·

1035 5642 1108 5692 rnrn,
1119 5635 1147 5679 et
1161 5627 1279 5681 esirnior
1296 5625 1469 5693 praedicatur.
1487 5625 1532 5680 Sic
1547 5633 1574 5680 et
1588 5625 1667 5680 beata
1682 5627 1727 5681 bet
1740 5625 1824 5680 Gerd·

1035 5720 1100 5782 tris,
1112 5718 1191 5788 cuijus
1203 5719 1334 5787 plantatio
1348 5733 1379 5772 ac
1391 5721 1414 5772 si
1426 5733 1495 5772 rosae
1505 5718 1532 5771 in
1543 5718 1663 5782 ierielro,
1675 5718 1824 5789 specialius

1035 5810 1152 5874 relnlsit,
1175 5820 1202 5862 ct
1217 5810 1321 5863 candor
1338 5809 1501 5877 rrrgnritatis
1515 5810 1683 5878 splendidius
1698 5813 1820 5878 emicuit,

1034 5918 1095 5958 eunt
1112 5905 1279 5957 circumdata
1294 5902 1384 5957 otltciu
1416 5903 1567 5969 eharitatis,
1596 5904 1767 5959 submittitur
1782 5901 1822 5958 iili
