4109 6434
126 406 182 472 bib

621 402 827 468 Exrosttto
846 400 887 464 tn
908 399 1031 462 ttetst.
1054 400 1069 460 l
1089 399 1140 460 nb
1157 395 1321 459 ttlturtt.

1691 388 1746 453 930

125 534 224 596 potant
247 530 367 592 quaesltts
386 520 428 578 stri
445 533 654 587 eausa‚ndtum
680 520 789 575 venisse
815 518 911 573 'lesta-
925 521 947 581 Α
963 523 1074 568 mortem
1090 521 1162 567 certo
1189 527 1237 582 pro
1267 509 1372 577 iustitio
1389 503 1485 576 (tecte.
1500 519 1538 568 ιι,
1553 501 1611 570 55).
1640 498 1747 555 Sirent

127 626 260 672 mettium.

166 747 177 782 ι
197 728 245 784 list
267 735 358 783 antem
373 733 494 795 qmestus
510 740 633 795 magnus.
651 725 739 793 pietas
754 740 815 780 cum
838 721 913 779 suill-

126 820 269 875 cienda.»
297 817 409 872 linitum
442 817 568 885 inquirit,
586 816 632 886 qui
657 817 738 871 babet
763 817 910 886 pietatem:

126 925 189 967 eum
205 909 445 972 substernendo
463 908 586 973 intrariae,
603 911 650 963 sed
668 914 772 962 natante
783 915 836 962 est.
849 905 913 960 Sire

127 1000 201 1054 sieut
214 999 300 1068 pietas
311 1007 353 1052 est
367 997 474 1052 cultura
491 997 538 1050 llei
555 995 650 1067 (ticeli.
663 1013 682 1064 ι,
695 996 752 1065 52),
766 996 804 1051 ita
817 995 912 1066 impie·

127 1100 171 1146 tas
185 1099 227 1146 est
244 1097 428 1157 contemptus.

169 1221 180 1254 ι
198 1200 272 1256 tltntt
295 1203 367 1257 enirn
389 1201 534 1256 intulimus
549 1203 576 1257 in
593 1204 663 1258 bunc
679 1204 828 1259 mnndum:
845 1202 914 1273 band

128 1293 252 1359 dubium,
268 1295 331 1362 quia
352 1307 401 1347 nee
420 1292 527 1349 anierre
551 1296 616 1364 quid
642 1309 794 1362 possnmus.
818 1281 914 1348 alludi

129 1385 187 1439 arati
202 1399 307 1449 snnnrs,
325 1387 387 1438 nudi
403 1383 485 1438 etiam
510 1385 646 1439 morituri.
661 1386 797 1454 Quidquid
815 1387 858 1439 bie
876 1388 916 1436 in·

129 1476 251 1541 venitur,
266 1475 311 1530 lrie
334 1476 523 1541 relinquetur:
541 1489 593 1528 non
618 1485 660 1530 est
687 1485 822 1541 nostrum,
845 1474 916 1543 qnod

129 1576 188 1617 tton
208 1578 316 1632 semper
330 1573 453 1616 nostrum
467 1572 518 1617 est.
533 1560 675 1631 Tanquam
691 1565 825 1634 peregrini
851 1578 917 1631 ergo

128 1649 276 1706 sufficienti
292 1666 342 1706 usu
358 1651 479 1706 contenti
497 1652 581 1707 simns
596 1669 604 1711 2
618 1653 677 1708 illas
701 1643 810 1710 diriiiaa
825 1669 919 1722 aeqnt·

130 1756 316 1813 ramata‚qnas
340 1743 479 1800 nobiscum
499 1743 533 1799 ad
548 1725 688 1802 efflestem
708 1748 823 1816 patriam
844 1744 917 1799 lerre

130 1835 279 1905 possimus.

170 1969 182 2004 ι
205 1948 341 2006 llnbentes
362 1960 452 2005 antem
470 1953 608 2013 abutente,
620 1959 647 2005 et
667 1952 764 2020 qnibns
780 1961 914 2023 tegamur,

963 607 1001 662 illi
1015 606 1127 660 student
1139 606 1166 658 itt
1176 602 1277 656 divitiis
1291 600 1381 655 onmia
1395 600 1513 659 sineere.
1529 595 1566 648 ita
1574 604 1602 649 et
1610 593 1673 648 tuin
1683 594 1746 648 lide.

1002 713 1012 748 r
1033 692 1224 762 dpprebende.
1243 709 1253 745 r
1271 690 1413 754 Quomodo
1424 702 1474 756 eqo
1488 683 1693 752 comprehendi.

1001 802 1012 836 ι
1033 782 1123 836 Vitem
1151 793 1291 844 eternam,
1322 778 1349 830 in
1375 792 1455 844 qnnnr
1475 785 1587 829 rotatus
1610 787 1651 826 es.
1675 789 1685 821 r
1716 770 1749 825 Ιῖι

964 875 1003 930 illi
1021 889 1118 945 gerere
1133 873 1253 941 cupiunt·
1265 867 1451 938 temporalem.

1001 980 1012 1017 ι
1034 965 1066 1018 lit
1078 963 1218 1018 eonlessus
1231 977 1261 1018 es
1273 963 1372 1016 bonatn
1387 957 1600 1014 confessionem.
1618 973 1628 1007 r
1660 955 1689 1009 ln
1702 955 1750 1008 ba·

963 1055 1065 1125 ptismo
1080 1055 1294 1109 abrenuntiando
1310 1052 1409 1106 seocrdo
1425 1057 1452 1103 et
1467 1048 1571 1117 pompis
1591 1047 1660 1114 ejus.

1005 1164 1015 1199 t
1041 1148 1139 1202 Coram
1168 1146 1261 1200 multis
1291 1142 1445 1197 testibus.»
1475 1138 1682 1204 Sacerdotibus,
1707 1138 1750 1192 nel

965 1239 1109 1303 ministris,
1123 1235 1319 1302 virtutibusque
1334 1232 1501 1288 coetestibus.

1005 1351 1015 1384 t
1034 1331 1166 1399 Praectpto
1181 1329 1229 1383 tibi
1248 1340 1339 1382 eoram
1361 1324 1425 1380 ileo.
1448 1342 1458 1376 ι
1479 1324 1605 1394 Praecipit
1628 1322 1753 1378 auctori·'

967 1434 1022 1479 tate
1039 1420 1170 1492 magistri.

1007 1512 1089 1580 rQui
1115 1509 1234 1566 viviticat
1259 1510 1363 1562 omnia.
1392 1525 1402 1560 ι
1431 1505 1528 1561 Omnia
1557 1521 1617 1576 qnae
1645 1508 1750 1572 vivunt,

897 1655 903 1666 .
967 1602 1077 1661 etiamsi
1094 1601 1218 1665 aretiam.
1234 1613 1283 1669 per
1296 1599 1356 1669 ejus
1373 1600 1520 1667 potentiam
1540 1598 1716 1654 reviviscunt.

1005 1715 1015 1748 ι
1037 1696 1070 1749 lit
1083 1694 1193 1749 Christo
1206 1691 1282 1757 lesu,
1298 1691 1344 1762 qni
1364 1693 1551 1745 testimoninm
1567 1693 1685 1746 reddidit
1701 1694 1752 1746 sub

969 1787 1067 1843 Pontio
1092 1786 1189 1850 Pilato,
1212 1785 1310 1839 bonam
1336 1782 1547 1837 contessionem.
1570 1782 1695 1839 »Dicens
1720 1787 1753 1838 od

934 1877 956 1932 tt
970 1879 1085 1934 Pilatum
1099 1896 1107 1933 z
1123 1877 1180 1947 Epo
1193 1877 1227 1930 od
1240 1876 1289 1930 itoc
1303 1877 1360 1929 serti
1375 1875 1401 1928 irr
1416 1875 1485 1927 lrrrnc
1504 1875 1642 1935 niensium.
1659 1885 1691 1927 ut
1713 1887 1755 1927 te·

968 1972 1123 2027 stimonium
1138 1970 1288 2038 perbiberint
1304 1968 1409 2022 ueritati
1425 1966 1604 2036 (deornxvttt,
1619 1966 1676 2034 37),
1704 1968 1758 2023 sci-

132 2040 307 2097 trisconrentt
319 2041 414 2096 sirnus.
430 2059 440 2092 r
454 2041 917 2111 Superiusdixeratsnffieientiaurz
968 2063 1034 2119 peel
1048 2077 1097 2132 pm
1112 2076 1143 2116 θ,
1161 2062 1243 2116 ,Μ
1260 2060 1412 2115 moriendo,

132 2132 266 2205 quidquid
286 2132 327 2186 iris
345 2132 463 2202 amplius
477 2142 528 2196 est,
541 2131 642 2186 divitiis
656 2132 811 2200 deputatur.

174 2242 184 2276 ι
206 2222 274 2278 liam
302 2225 346 2293 qni
374 2223 467 2278 roiunt
494 2225 592 2278 divites
613 2212 682 2278 beri.
707 2240 717 2275 ι
746 2221 919 2279 Voluntatem

134 2317 293 2373 divitiarum
313 2317 457 2372 delinivit:
473 2331 533 2387 quae
552 2314 686 2382 voluntas,
707 2327 735 2370 et
760 2317 920 2372 habentibus

133 2418 188 2476 etl,
203 2420 231 2464 et
246 2409 445 2479 quaerentibus·

176 2526 334 2582 sincidunt
350 2525 377 2580 ln
406 2523 581 2580 tentationem
607 2532 635 2578 et
657 2521 683 2576 in
709 2521 833 2591 laqueum
860 2521 923 2578 (lia-

135 2618 204 2675 boli.
223 2637 233 2672 ι
251 2620 365 2675 beeasio
389 2618 544 2673 tentationis
556 2625 608 2682 est,
631 2625 660 2672 et
676 2616 789 2686 laqueus
810 2616 921 2684 diaboli,

136 2713 208 2769 velle
222 2711 323 2767 babere
338 2711 459 2766 diuitias.

176 2801 246 2857 elit
270 2801 404 2857 desideria
419 2801 516 2866 multa,
540 2810 567 2854 et
594 2798 713 2867 inutilia,
730 2806 758 2855 et
782 2799 921 2856 nociva.»

137 2891 284 2963 Nunquam
297 2908 364 2963 erpo
379 2892 538 2947 divitiarum
556 2891 691 2947 desideria
708 2892 853 2950 satiantur.

178 3003 189 3038 ι
207 2983 273 3051 Quae
289 2970 415 3056 mergunt
438 2983 565 3041 homines
585 2984 613 3039 in
638 2984 780 3041 interitum
794 2994 822 3041 et
837 2985 927 3054 perdi·

136 3074 253 3131 tionem.
277 3074 370 3128 »burn
396 3074 545 3129 ambitione
570 3076 702 3129 bonorum
732 3085 878 3139 tumentes,
892 3075 925 3130 ad

136 3166 223 3223 eoelos
235 3164 344 3230 elevati,
361 3166 494 3234 usquead
517 3165 620 3221 interos
639 3165 852 3236 demerguntur:
866 3167 925 3222 sire

137 3257 326 3313 desiderantes
342 3257 444 3312 alienas
460 3270 537 3325 opes,
554 3267 584 3310 ιιι
598 3254 693 3313 llebab
709 3254 768 3327 (tlt
784 3256 848 3327 dep.
865 3273 923 3323 ιιι,

138 3345 198 3420 13),
216 3349 351 3419 usquead
366 3348 504 3404 homicidii
522 3348 681 3417 perveniunt
697 3347 842 3403 laetiones.

178 3456 191 3493 ι
212 3439 300 3495 liarlir
315 3441 386 3495 enirn
400 3441 522 3496 omnium
536 3439 668 3494 malorum
686 3450 727 3494 est
744 3440 889 3510 cupiditas.
910 3456 921 3491 s

139 3528 212 3599 eris
225 3541 252 3586 et
263 3529 385 3595 tonsori,
397 3528 557 3585 etonmium
570 3529 716 3583 eriminum
739 3540 924 3596 nussrrrentnm.

140 3622 229 3677 Radia
244 3623 352 3677 excisos
364 3635 473 3691 semper
483 3620 597 3675 densius
610 3626 840 3689 reparatrarnos:
855 3620 927 3673 evei·

140 3716 223 3771 lenda
240 3725 281 3771 est
295 3727 361 3785 ergo
385 3715 474 3779 radis,
495 3728 529 3767 ne
549 3713 618 3768 rami
648 3710 782 3782 superflue
801 3711 928 3766 excidan-

142 3818 201 3863 tur.

182 3918 193 3953 ι
212 3904 298 3966 unam
313 3900 423 3969 qnidam
449 3904 606 3968 appetentes
624 3907 784 3952 erraverunt
801 3911 815 3948 a
832 3896 894 3951 lide.
914 3913 924 3946 r

141 3991 203 4047 lieo
217 4001 269 4056 est,
283 3999 453 4046 recesserunt
471 4005 486 4044 a
504 3990 556 4045 ilde
570 3989 769 4060 promissorum
789 3986 848 4055 bei,
862 3989 927 4044 duro

140 4080 325 4154 presentibus
341 4083 522 4136 oblectantur.

181 4189 193 4224 ι
216 4171 247 4225 Et
273 4173 449 4225 inseruerunt
462 4184 492 4226 se
509 4170 651 4226 doloribus.
665 4171 772 4226 multis.
794 4188 804 4223 ι
822 4169 929 4236 Quanto

140 4262 423 4334 ampliusbabnerint,
436 4264 827 4333 tantoplurossollieitudinum
844 4265 929 4319 susti·

141 4365 211 4411 nent
224 4355 380 4410 eruciatus:
396 4354 467 4408 unde
476 4354 641 4411 etbomimrs
654 4356 809 4413 divitiarum
829 4372 931 4412 aerurn-

141 4458 196 4501 nas
217 4444 290 4499 eirea
313 4445 416 4512 reliqna
441 4444 666 4515 eoncupiscentia)
703 4448 784 4503 rerba
814 4450 932 4504 asseruit

140 4534 279 4593 mussare
298 4534 395 4601 (llere.
412 4551 449 4601 rr,
462 4536 519 4606 tet.

184 4642 196 4677 ι
212 4623 253 4679 Tu
271 4626 491 4693 autern,obomo
502 4627 557 4681 bet.
571 4644 581 4679 ι
600 4626 657 4681 Non
670 4627 828 4685 divitiarum
838 4632 930 4695 bomo.

141 4717 195 4773 arti
210 4716 257 4771 ilei
271 4733 280 4780 ;
296 4731 346 4772 nee
359 4732 520 4772 mammonae
533 4733 638 4784 sertus,
651 4721 700 4774 sed
719 4719 831 4788 Christi,
856 4737 933 4791 cupos

141 4818 211 4865 sunt
228 4809 319 4861 omma
335 4822 396 4878 quae
411 4809 549 4864 ridentur.

186 4917 197 4950 ι
222 4899 284 4953 ileo
301 4897 378 4968 lupe.
398 4898 508 4966 »Quasi
525 4914 624 4958 cautas
648 4902 777 4972 perfidiae,
799 4904 840 4959 rel
856 4905 933 4961 doio·

144 5006 222 5045 rum.

186 5101 199 5137 r
218 5083 332 5141 Sertrre
347 5100 412 5143 rero
433 5086 581 5158 justitiam.
599 5088 739 5159 pietatem,
754 5088 844 5144 fldem.
865 5104 876 5140 r
902 5087 932 5144 lo

143 5177 193 5235 bis
212 5187 239 5232 te
252 5180 331 5249 cupio
344 5180 448 5234 divitiis
460 5193 522 5235 esse
537 5180 710 5250 locupletem.

188 5287 200 5322 r
221 5268 402 5325 charitatem.
425 5271 499 5326 »bei
516 5281 546 5327 et
561 5273 690 5341 proximi.

187 5378 198 5411 r
218 5359 389 5422 Patientiam.
406 5361 667 5420 mansuetudinem«
683 5363 846 5422 Patientiam
872 5378 935 5421 sus·

146 5451 264 5519 sinendi,
279 5455 513 5510 mansuetudinem
528 5470 580 5510 oon
597 5458 729 5515 nocendi.

189 5561 200 5596 ι
219 5543 300 5600 Certa
323 5547 424 5601 bonum
446 5555 584 5603 certanten
599 5548 673 5604 ddei.
690 5569 700 5603 r
717 5550 821 5608 Bonum
845 5562 935 5625 certa·

147 5650 214 5691 mea
232 5644 285 5699 est,
301 5649 355 5691 non
368 5651 418 5705 pro
439 5638 520 5692 rebus
533 5638 636 5706 seculi,
652 5641 698 5694 sed
714 5654 801 5709 usque
814 5640 848 5696 ad
859 5657 934 5696 mor·

147 5736 207 5783 tem
221 5742 271 5797 pro
284 5726 346 5783 bdei
365 5729 478 5785 veritate
493 5740 608 5796 certare,
635 5732 706 5787 sieut
721 5735 911 5802 scripturn—est
926 5751 933 5786 :

145 5814 185 5877 lu
203 5818 309 5888 putrida
326 5822 469 5893 oponisore
481 5837 530 5892 pro
545 5824 637 5878 terrimo
653 5834 710 5892 tao,
745 5836 771 5880 et
800 5843 883 5896 usqae
898 5829 932 5882 od

1008 2173 1018 2208 r
1040 2154 1075 2211 Ut
1098 2169 1191 2212 serres
1222 2154 1390 2209 mandatum.
1416 2172 1426 2207 ι
1452 2153 1529 2210 Sient
1551 2153 1596 2208 ilie
1615 2168 1703 2225 usqne
1721 2155 1757 2211 ad

970 2256 1097 2302 mortem.

1009 2354 1018 2389 ι
1039 2335 1104 2390 Sine
1129 2335 1234 2392 macula
1260 2335 1501 2406 irreprehensibili.
1523 2354 1532 2389 r
1551 2335 1669 2391 linetdat
1690 2353 1756 2406 quo·

971 2426 1126 2496 dammodo,
1141 2439 1170 2484 et
1195 2429 1357 2498 reprebendi
1382 2430 1448 2484 lacit
1468 2430 1606 2494 mandata,
1620 2431 1665 2500 qui
1692 2446 1757 2502 pec-

972 2530 1025 2575 eat.

1010 2629 1019 2662 r
1041 2610 1132 2680 Usque
1147 2612 1175 2665 irt
1192 2612 1336 2666 artnentum
1358 2610 1463 2664 bomini
1484 2611 1568 2665 nostri
1597 2611 1662 2666 iesu
1680 2612 1759 2669 Citri-

972 2704 1020 2760 sti.
1043 2721 1053 2754 r
1070 2703 1123 2768 Qut
1137 2703 1340 2771 perseuerarent
1356 2718 1438 2773 troque
1460 2708 1486 2757 ln
1503 2704 1593 2770 finem,
1608 2705 1651 2758 die
1669 2706 1759 2760 solaro

972 2794 1024 2850 erit
1039 2795 1146 2864 (linttlr.
1161 2812 1188 2857 x.
1204 2795 1262 2858 Ἡ).

1013 2904 1022 2938 ι
1040 2885 1125 2952 Quem
1139 2889 1197 2942 suis
1208 2885 1374 2956 temporibus
1387 2887 1515 2942 ostendet
1526 2887 1631 2955 beatus,
1644 2898 1671 2945 et
1685 2889 1761 2945 solus

974 2986 1081 3046 potens,
1110 2977 1168 3033 liet
1183 2993 1288 3048 regum,
1309 2987 1337 3032 et
1363 2978 1492 3033 [lominus
1515 2979 1757 3037 dominantium.»

974 3068 1090 3135 Quando
1103 3069 1231 3135 rolnerit,
1248 3068 1294 3138 qui
1310 3070 1361 3124 boe
1375 3070 1462 3125 solnm
1480 3080 1571 3138 potest
1591 3069 1673 3125 lions.

1013 3179 1024 3214 r
1044 3159 1096 3226 Qor
1122 3161 1196 3216 solus
1211 3161 1303 3222 ,babet
1328 3161 1571 3217 immortalitatem.
1592 3180 1601 3214 r
1621 3162 1668 3218 ille
1687 3163 1762 3217 solus

976 3252 1086 3323 proprie
1103 3252 1195 3319 babet,
1209 3253 1255 3323 qui
1272 3252 1385 3322 angelis,
1397 3262 1426 3308 et
1439 3255 1486 3322 qui
1514 3254 1671 3311 bominibus
1688 3254 1763 3311 dedit

979 3346 1090 3399 babere.
1103 3344 1158 3399 Nos
1174 3355 1264 3399 autent
1288 3360 1338 3401 nee
1357 3345 1408 3399 soli
1424 3359 1474 3400 nec
1491 3359 1505 3398 a
1529 3347 1607 3399 nobis
1631 3345 1763 3402 babemus

979 3445 1008 3493 ιιι
1025 3439 1079 3493 ille.
1096 3436 1154 3494 lioc
1175 3449 1269 3493 eontra
1292 3436 1465 3503 dispiciamus,
1486 3437 1531 3506 qui
1550 3438 1613 3493 nauli
1637 3449 1762 3494 araturam

980 3538 1075 3600 putant
1092 3531 1272 3585 immortalem
1290 3540 1372 3599 atque
1387 3541 1555 3600 perpetuam.

1018 3641 1027 3674 ι
1047 3623 1080 3676 Et
1092 3622 1179 3677 lucem
1199 3624 1302 3677 babitat
1322 3622 1549 3677 itureeessibilern.
1571 3620 1675 3677 »broni
1687 3637 1765 3677 cres-

980 3721 1057 3768 tnrae.
1072 3711 1156 3766 Nemo
1174 3714 1242 3766 enirn
1268 3713 1339 3766 aronit
1359 3710 1465 3766 Potrern
1492 3712 1544 3764 nisi
1561 3709 1667 3765 Filius:
1684 3729 1765 3782 neque

981 3802 1083 3858 Filium
1102 3806 1153 3859 nisi
1168 3804 1249 3858 Pater
1265 3803 1375 3875 (Morti.
1392 3820 1430 3868 rr,
1444 3803 1501 3872 at),
1515 3812 1542 3856 et
1557 3801 1675 3870 Spiritus
1698 3820 1764 3858 san·

980 3908 1066 3962 etus;
1098 3909 1243 3966 utrumque
1276 3896 1358 3951 etiam
1384 3904 1521 3951 scrutatur
1549 3893 1683 3964 protunda
1718 3895 1766 3950 bei

982 3990 1008 4061 (l
1022 3992 1083 4045 (lor.
1098 4006 1127 4057 ιι,
1141 3989 1199 4057 to).

1020 4102 1030 4135 ι
1050 4082 1134 4149 Quem
1163 4082 1252 4138 nullus
1278 4082 1416 4138 hominnm
1433 4078 1512 4147 vidit,
1538 4082 1584 4134 sed
1604 4094 1654 4135 nee
1675 4079 1767 4133 ridere

982 4183 1071 4244 potest
1086 4190 1094 4242 ;
1107 4174 1151 4230 eui
1171 4182 1213 4229 est
1237 4173 1324 4228 hortor
1348 4183 1377 4227 et
1400 4174 1542 4243 impenum
1559 4173 1765 4239 serrapiternnm.

982 4269 1079 4322 Amen.
1098 4284 1108 4318 r
1126 4265 1211 4322 liemo
1226 4268 1311 4331 norit,
1324 4265 1371 4320 sed
1398 4268 1585 4334 unnsquisque
1602 4279 1650 4335 pro
1669 4268 1767 4320 rneriro

983 4357 1121 4428 intelligit.
1136 4356 1204 4411 Nant
1220 4357 1305 4412 solent
1326 4368 1400 4410 tanto
1421 4357 1539 4426 amplius
1553 4354 1646 4411 rident
1657 4357 1766 4426 singuli,

984 4462 1086 4521 quanto
1105 4450 1199 4520 purior
1213 4447 1297 4504 inerit
1312 4449 1386 4504 acies
1400 4449 1550 4503 oculorum.

946 4573 971 4632 ο
1021 4560 1032 4597 ι
1053 4540 1188 4598 Divitibus
1205 4543 1285 4612 bnjus
1300 4541 1391 4598 secuti
1408 4542 1535 4609 praecipe.
1555 4558 1565 4593 r
1582 4537 1650 4594 Sunt
1663 4549 1690 4593 et
1702 4539 1769 4595 nite·

984 4634 1042 4690 rius
1069 4633 1162 4690 seculi
1181 4634 1289 4696 divites,
1303 4634 1349 4703 qui
1365 4616 1525 4687 ernunt⁸sibi
1544 4647 1639 4685 aurern
1655 4634 1768 4702 ignitum

983 4727 1071 4784 abeo
1095 4729 1188 4799 (Aper.
1209 4742 1249 4792 ιιι,
1279 4728 1337 4797 ts),
1375 4737 1403 4781 et
1430 4727 1476 4796 qui
1503 4725 1602 4781 nabent
1622 4742 1717 4782 aurum
1742 4731 1768 4780 in

983 4823 1054 4878 eoelo
1069 4820 1146 4892 (ιιι.
1158 4835 1235 4881 xrtrr.
1247 4821 1305 4885 ii),
1320 4835 1425 4875 necnon
1442 4820 1487 4890 qni
1504 4819 1646 4888 proterunt
1660 4834 1728 4874 nora
1742 4830 1770 4873 et

984 4922 1076 4970 velera
1092 4911 1202 4983 (liottlr.
1224 4925 1280 4977 ant,
1297 4911 1353 4978 52).

1024 5023 1034 5056 ι
1054 5002 1113 5058 Νοιι
1126 5002 1240 5059 sublimo
1254 5017 1357 5069 sapere.
1377 4999 1441 5066 idn
1468 5003 1564 5069 primis
1592 5000 1767 5069 principalem

984 5110 1079 5152 eorum
1096 5095 1185 5163 tetigit
1210 5096 1346 5148 morbum.
1372 5090 1487 5147 Difficile
1507 5093 1618 5146 divitem
1645 5092 1769 5144 inuenies

985 5202 1041 5242 non
1067 5186 1228 5257 superbum,
1245 5185 1291 5254 qui
1317 5198 1451 5254 pauperes
1475 5182 1517 5238 rel
1536 5190 1662 5250 parentes
1687 5197 1772 5248 agno·

986 5290 1057 5344 seat,
1086 5278 1172 5346 etqui
1189 5292 1241 5331 non
1259 5280 1379 5347 praviter
1399 5274 1469 5330 ierat
1484 5275 1597 5329 minime
1608 5273 1660 5328 sibi
1676 5273 1710 5328 ab
1725 5273 1769 5327 in·

986 5369 1087 5426 feriore
1102 5371 1231 5425 bonorem
1244 5370 1356 5425 deterri.

1024 5461 1148 5531 rlleqne
1169 5475 1320 5530 sperare.»
1341 5460 1398 5515 lion
1421 5458 1557 5532 sperando
1578 5457 1720 5522 vilescunt,
1744 5464 1774 5512 et

987 5570 1048 5610 eum
1067 5564 1246 5624 spernuntur,
1263 5563 1420 5622 erogantur.

1026 5664 1036 5697 ι
1054 5644 1160 5700 incerto
1183 5644 1351 5699 divitiorum.
1371 5661 1380 5693 r
1398 5641 1547 5711 lleqnibns
1574 5640 1706 5695 incertum
1730 5648 1773 5694 est

988 5747 1079 5794 utrum
1104 5738 1156 5793 illae
1178 5737 1288 5802 tibi‚att
1316 5745 1344 5789 tu
1372 5733 1425 5788 illis
1448 5733 1565 5788 celerius
1580 5731 1773 5795 subtralraris;
1853 5782 1856 5789 ,

989 5830 1081 5885 multis
1092 5828 1163 5883 eninr
1178 5841 1238 5880 cum
1252 5827 1303 5879 rita
1319 5824 1432 5880 sublate
1447 5832 1520 5879 sunt.
1532 5823 1584 5877 Atti
1598 5825 1714 5893 propriis
1726 5836 1775 5876 eas
