4109 6434
834 757 1235 874 remunito,

1019 1001 1058 1022 δ-

266 1200 586 1280 Hieronymianorum
614 1190 745 1255 editioni
769 1203 903 1269 operum
922 1201 1037 1247 norem
1061 1181 1129 1246 iere
1157 1186 1230 1244 ante
1255 1197 1357 1242 annos
1387 1181 1534 1241 adornari
1564 1186 1687 1259 eoeptoe,
1717 1183 1844 1259 tempo·

228 1321 297 1365 rum
319 1298 436 1360 deinde
454 1290 707 1359 difficultatibus,
739 1284 932 1365 privatisque
949 1281 1116 1343 oculorum
1140 1277 1374 1350 incommodis,
1392 1277 1557 1338 retardare
1584 1276 1705 1338 diutius
1731 1281 1846 1356 pau'o,

228 1415 323 1478 qnam
340 1395 495 1477 iacturum
518 1405 569 1450 me
587 1399 783 1464 receperam,
802 1387 973 1441 extremam
990 1377 1132 1456 deniqne
1160 1391 1286 1436 manum
1305 1373 1437 1451 impone
1463 1387 1471 1434 :
1491 1379 1523 1434 et
1547 1374 1574 1437 si
1591 1375 1666 1454 quis
1686 1385 1734 1437 est
1756 1377 1848 1440 locus

228 1489 425 1556 excusationi
452 1485 535 1566 apud
561 1498 670 1558 monos
687 1495 791 1540 rerum
820 1491 961 1538 mearum
979 1473 1202 1536 estimatores.
1231 1469 1298 1531 dari
1329 1470 1476 1542 obsecro,
1508 1475 1538 1530 et
1560 1471 1683 1532 reniam
1701 1489 1756 1550 pro
1773 1491 1844 1550 gra-

228 1591 272 1651 tia
288 1587 399 1648 studiis
418 1583 494 1643 meis
509 1597 545 1640 ac
563 1575 723 1639 laboribus
748 1588 874 1652 precor.
890 1569 1027 1649 Quippe,
1042 1566 1130 1648 qued
1146 1567 1216 1645 ipse
1236 1564 1314 1626 olim
1332 1564 1364 1625 S.
1386 1565 1474 1626 Pater
1501 1574 1651 1628 causatus
1665 1584 1723 1646 pro
1737 1584 1771 1628 se
1788 1576 1846 1642 est,

229 1686 329 1764 probe
355 1681 448 1751 novi,
478 1677 633 1740 Naturam
654 1668 866 1751 breinscemedi
891 1667 1053 1729 bominem
1078 1681 1163 1735 esse,
1190 1669 1223 1720 ut
1240 1677 1303 1720 nen
1327 1666 1447 1720 tentam
1466 1663 1603 1737 pretinm
1624 1660 1760 1723 babeant
1785 1684 1846 1743 pro

227 1782 292 1853 lais,
314 1796 379 1858 que
394 1775 555 1847 tribueris,
580 1780 729 1850 quantem
747 1763 885 1825 dolerem
908 1780 1004 1842 snper
1025 1756 1074 1820 itis
1095 1756 1162 1838 dnn
1185 1757 1347 1832 necareris
1351 1796 1473 1819 .....
1497 1758 1621 1818 Minore
1639 1762 1721 1820 enim
1741 1762 1848 1824 studio

226 1881 361 1940 „rreum
383 1872 555 1943 twdames,
583 1885 674 1947 quom
698 1866 775 1926 citio
799 1859 1055 1941 reprehendimus
1072 1855 1180 1936 (Proef.
1207 1852 1263 1914 lib.
1290 1870 1334 1914 xrr
1355 1853 1389 1913 in
1412 1853 1553 1933 Ezecltb
1573 1857 1633 1919 Sed
1657 1858 1722 1920 lrrec
1750 1861 1846 1924 missa

226 1973 393 2036 iaciamus.
403 1970 519 2029 Eccum
535 1965 652 2035 insum,
665 1975 729 2041 quo
744 1956 889 2020 collectio
902 1961 1007 2016 nostra
1021 1949 1125 2013 omnis
1138 1947 1220 2009 libro
1233 1947 1445 2021 concluditur,
1457 1957 1488 2011 et
1499 1951 1602 2011 datam
1616 1953 1742 2031 publico
1755 1957 1848 2018 fidem

227 2066 437 2131 exsolvimus.

274 2159 505 2240 Comp'eetitur
520 2162 624 2217 tomus
648 2152 707 2214 iste
721 2149 850 2214 ultimus
866 2157 1093 2215 surrostrrrm,
1109 2139 1173 2202 sire
1188 2155 1260 2220 quaa
1274 2140 1350 2202 olim
1364 2139 1478 2222 scripta
1496 2151 1606 2206 saneto
1626 2144 1755 2224 quidem
1771 2149 1848 2211 Hie·

227 2273 367 2334 ronymo
381 2255 527 2316 attributa
543 2256 615 2312 sunt
626 2298 634 2324 ,
647 2249 832 2328 junctaque,
857 2250 910 2305 aut
928 2242 1022 2302 etiarn
1048 2237 1197 2300 immista
1219 2239 1301 2299 reris
1315 2237 1434 2316 ingenii
1452 2239 1520 2318 ejus
1533 2240 1650 2303 fetibus
1667 2260 1675 2316 ;
1695 2258 1848 2308 mantem

227 2366 306 2412 rara
321 2347 360 2408 ab
385 2347 457 2407 aliis
478 2349 564 2415 sunt,
581 2357 645 2402 non
669 2339 710 2401 ab
727 2337 798 2416 ipse
819 2335 979 2397 adornata.
1005 2332 1078 2403 Quas
1095 2350 1166 2396 cum
1183 2349 1312 2413 prorsus
1331 2332 1507 2406 eliminare,
1532 2334 1636 2411 denuc
1652 2345 1757 2401 vetere
1773 2359 1848 2420 pos-

229 2447 374 2510 sessione
386 2442 533 2520 dejieare,
550 2435 831 2516 impresentiarum
849 2447 912 2491 non
936 2428 1026 2490 liceat
1049 2425 1198 2508 (quodam
1223 2430 1310 2490 enim
1326 2430 1416 2506 euasi
1441 2430 1568 2491 rcrnilis
1587 2432 1707 2494 sobolis
1720 2437 1793 2514 J'ure
1808 2440 1849 2501 ad

231 2539 487 2619 rumpentem),
508 2533 663 2611 reliquum
681 2545 779 2591 unum
797 2533 844 2588 est
862 2524 963 2597 nobis,
990 2523 1142 2586 familiam
1159 2524 1240 2586 banc
1256 2524 1359 2587 lacere
1374 2525 1490 2588 alicubi
1509 2543 1547 2587 ex
1573 2531 1653 2591 mala
1669 2532 1845 2596 meliuscu-

230 2638 310 2709 lam,
328 2652 367 2696 ex
381 2633 490 2710 ignota
504 2629 578 2690 alibi
599 2637 716 2698 nutam,
742 2641 782 2686 ex
798 2621 1007 2700 incomposita
1023 2620 1261 2682 ordinatiorem.
1278 2623 1356 2683 Cum
1373 2622 1485 2700 primis
1500 2639 1576 2684 vero
1594 2625 1737 2689 delectus
1754 2631 1842 2710 eapi-

231 2739 303 2795 tum
317 2728 503 2791 habendus:
523 2734 589 2786 tum
603 2724 642 2784 de
661 2720 795 2798 singulis
814 2717 952 2780 serenda
965 2715 1135 2778 sententia.
1152 2716 1274 2794 Scripta
1291 2716 1397 2793 itaque
1417 2716 1480 2790 illa,
1496 2734 1567 2796 quae
1585 2737 1649 2782 non
1665 2727 1761 2788 modo
1776 2744 1846 2790 cer·

231 2835 300 2891 tum
319 2838 566 2906 germanumque
581 2826 741 2882 auctorem
761 2833 853 2878 suum
869 2819 1009 2885 nossent,
1027 2811 1282 2893 inscriptumque
1310 2814 1401 2876 titulo
1422 2832 1537 2877 nornen
1563 2821 1747 2895 preferrent
1766 2847 1773 2886 r
1791 2829 1846 2889 sed

231 2925 269 2986 in
285 2925 416 3004 ejusmrt
432 2922 524 2982 etiam
542 2917 681 2980 editione
696 2929 830 2994 operum
845 2913 937 2988 vulgo
955 2914 1146 2988 prestarent,
1164 2910 1262 2986 gradu
1280 2910 1511 2972 submovimus.
1531 2915 1744 2997 Praeterquam
1763 2923 1846 2984 enirn

232 3020 321 3101 quod
340 3019 475 3080 otiosum
491 3016 584 3095 plane
598 3018 691 3090 atque
709 3010 855 3088 ineptum
871 3013 930 3076 est,
949 3004 1067 3068 centies
1083 3009 1233 3067 recudere
1250 3022 1314 3066 non
1331 3022 1389 3068 suo
1405 3007 1475 3070 loeo
1490 3055 1497 3081 ,
1512 3027 1584 3089 qun
1598 3031 1657 3075 suo
1673 3015 1800 3092 babeas,
1819 3031 1849 3082 et

233 3116 456 3177 collectionem
476 3127 608 3174 onerare
626 3107 729 3169 inutili
748 3104 958 3183 scriptionum
975 3108 1061 3163 strue
1077 3117 1087 3160 r
1103 3116 1197 3163 nemo
1213 3100 1267 3163 illa
1282 3118 1421 3182 unquam
1434 3107 1517 3182 apud
1534 3106 1775 3188 Hieronymum,
1792 3121 1848 3177 scd

233 3214 319 3291 apud
333 3216 494 3273 auctorem
509 3222 601 3270 suum
619 3203 782 3284 requirat:
802 3218 902 3278 eaque
920 3197 1046 3260 laudem
1064 3197 1193 3276 quidem
1206 3199 1364 3278 aliquam,
1381 3218 1445 3263 non
1462 3219 1501 3263 ex
1519 3206 1655 3283 quadani
1673 3210 1720 3270 sui
1737 3221 1848 3289 parte,

232 3310 290 3372 sed
305 3324 343 3369 ex
358 3307 479 3383 integro
495 3307 647 3368 contextu
662 3315 796 3379 operum
811 3296 958 3360 habeant.
983 3295 1019 3354 llt
1034 3309 1110 3354 sane
1126 3294 1179 3373 qui
1196 3292 1263 3355 haee
1279 3295 1382 3357 editor
1402 3298 1550 3377 negligat,
1568 3303 1671 3377 autin
1691 3305 1748 3368 bac
1774 3327 1848 3371 eru·

233 3402 367 3466 ditionis
385 3411 468 3481 parte
484 3400 639 3470 laborare,
654 3403 707 3457 aut
723 3395 788 3455 suis
803 3399 889 3456 certe
913 3390 1024 3454 studiis
1055 3391 1274 3468 lectorumque
1291 3391 1414 3454 utilitati
1431 3411 1541 3472 parum
1556 3400 1723 3463 consulere
1741 3403 1848 3466 ridea-

234 3508 295 3562 tur.
318 3499 412 3558 Beda
440 3503 525 3575 puta,
549 3503 579 3557 et
601 3490 757 3562 Rhabani,
785 3505 920 3569 quorum
947 3491 1037 3550 erant
1059 3485 1195 3548 maxima
1218 3502 1258 3547 ex
1283 3501 1383 3567 parte,
1407 3507 1478 3567 qum
1504 3491 1577 3556 bino
1594 3500 1850 3577 amandavimus,

234 3618 334 3684 opera
362 3601 394 3660 in
427 3614 524 3660 unum
553 3595 686 3659 collecta
722 3595 801 3654 nulli
833 3610 896 3654 non
931 3597 1004 3654 sunt
1035 3591 1069 3651 in
1099 3596 1268 3667 promptu,
1300 3598 1331 3651 ut
1362 3594 1506 3671 quaedam
1538 3613 1578 3658 ex
1611 3616 1720 3665 eorum
1756 3611 1850 3672 Coru-

235 3691 397 3754 ruentariis
426 3687 585 3769 particular
602 3688 681 3747 inter
706 3686 891 3763 Hieronymi
910 3683 1071 3746 subdititia
1087 3685 1204 3764 scripta
1223 3686 1285 3749 sint
1302 3690 1502 3753 recudenda.
1539 3694 1648 3757 Contra
1679 3697 1764 3764 hunc
1777 3705 1851 3784 jure

234 3788 295 3850 sibi
325 3787 482 3847 vindicant
505 3786 638 3863 locum,
658 3799 728 3860 qun
753 3782 876 3842 tametsi
903 3787 1024 3842 certum
1053 3788 1215 3844 auctorem
1241 3782 1398 3860 habeant,
1421 3797 1475 3850 aut
1507 3789 1580 3852 alibi
1603 3797 1719 3867 tamen,
1755 3819 1850 3880 quarn

236 3883 320 3963 apud
352 3885 519 3949 Nostrum,
553 3878 692 3957 reperire
725 3893 788 3938 non
818 3884 883 3948 est,
913 3886 968 3938 aut
999 3880 1177 3956 peregrinis
1208 3880 1241 3940 in
1268 3880 1345 3942 loeis
1370 3886 1453 3961 apud
1480 3885 1582 3961 alios,
1613 3896 1644 3949 et
1671 3909 1744 3968 qum
1774 3896 1849 3960 binc

236 3979 380 4042 exsulare
409 3979 434 4038 si
459 3977 590 4055 jubeas,
618 3974 710 4036 facile
747 3990 819 4034 cum
853 3973 898 4035 rei
929 3973 1086 4035 litterariae
1122 3975 1290 4053 dispendio
1318 3977 1519 4040 intercidant.
1552 3982 1738 4061 Huiusmodi
1776 4003 1851 4053 sunt

235 4076 383 4153 ingentes
400 4075 432 4134 in
451 4071 538 4133 Pauli
563 4069 720 4149 Epistulas
744 4069 863 4147 Pelagii
883 4068 1123 4143 commentarii,
1147 4071 1284 4133 bominis
1304 4070 1440 4136 heretici
1466 4084 1497 4136 ot
1515 4077 1712 4157 Hieronymo
1741 4085 1848 4148 insen-

234 4172 365 4244 sissimi,
383 4177 417 4231 ut
434 4169 534 4246 magis
549 4167 685 4238 mireris,
709 4165 816 4228 baberi
842 4182 979 4244 unquam
1001 4181 1058 4245 pro
1074 4167 1330 4246 Hieronymianis
1355 4171 1505 4249 potuisse.
1525 4173 1591 4235 ltlia
1615 4175 1646 4236 id
1664 4195 1762 4255 gertus
1779 4196 1851 4245 sum

233 4268 402 4350 plerarue.

275 4366 335 4424 sed
356 4370 384 4423 et
401 4363 496 4424 multa
513 4369 613 4431 erant,
626 4378 697 4422 cum
714 4380 731 4422 e
746 4377 835 4432 mss,
852 4371 920 4422 tum
936 4378 974 4423 ex
989 4360 1083 4425 editis
1103 4361 1191 4424 libris
1207 4363 1290 4434 alis,
1309 4362 1370 4426 hue
1388 4363 1618 4442 transferenda,
1635 4387 1706 4448 qua
1730 4372 1762 4433 in
1779 4374 1851 4437 aliis

234 4461 429 4520 editionibus
440 4459 581 4530 deerant,
598 4465 628 4519 et
643 4457 682 4518 ad
695 4456 975 4536 llieronymianarn
995 4456 1127 4531 hancce,
1145 4476 1239 4536 quam
1256 4460 1404 4534 diximus,
1420 4459 1569 4524 ramittam
1584 4465 1657 4543 Jurc
1675 4470 1852 4549 meritoque

234 4556 458 4636 pertinebant;
482 4571 541 4614 nec
565 4552 729 4614 serendum
752 4561 830 4626 erat,
855 4560 890 4613 nt
915 4554 985 4614 aliis
1001 4561 1098 4631 atque
1120 4556 1191 4614 aliis
1210 4573 1249 4615 ex
1275 4554 1363 4616 libris
1385 4565 1613 4635 repeterentur.
1641 4563 1683 4624 Ex
1705 4564 1755 4626 his
1779 4585 1850 4628 cnm

233 4653 383 4730 Epistulas
405 4651 586 4723 nonnullae,
608 4666 666 4711 nec
688 4649 804 4711 intimas
825 4657 878 4711 aut
896 4651 1017 4723 aetatis,
1045 4657 1098 4712 aut
1113 4659 1208 4722 notre,
1234 4661 1298 4713 tum
1319 4653 1566 4717 vetustissimum
1586 4659 1849 4740 dlnrtyrolupinnr

201 4790 209 4807 .
233 4749 528 4827 Hieronpmiennm,
555 4746 701 4819 etbonae,
728 4747 754 4807 si
778 4748 849 4825 quis
873 4765 1015 4826 unquam
1039 4748 1121 4810 alius
1147 4746 1258 4824 frugis,
1279 4747 1431 4821 liberest,
1456 4751 1510 4830 qui
1527 4752 1635 4814 eoam
1660 4757 1851 4820 inscribitur.

233 4850 421 4922 eranqnam
439 4862 501 4906 riou
520 4843 568 4904 bie
582 4842 693 4920 agitur,
715 4860 809 4920 (ruam
824 4843 899 4904 boni
916 4845 983 4906 libri
1003 4846 1081 4916 sint,
1097 4859 1178 4920 euos
1194 4843 1397 4916 sullecimus,
1414 4844 1469 4906 sed
1485 4863 1524 4907 ³11
1541 4848 1650 4911 fefelli
1669 4851 1731 4914 buc
1757 4864 1854 4936 elque

233 4936 349 4997 codem
361 4952 431 4995 cum
447 4933 577 5011 reliquis
591 4933 800 5012 supposititiis
816 4934 881 4996 lure
897 4936 1102 5001 ntidebeant.

282 5032 411 5092 Delectu
425 5031 462 5091 ad
480 5029 565 5090 bunc
581 5031 709 5090 modum
726 5028 855 5104 habito,
872 5041 902 5092 et
921 5041 1026 5111 parata
1042 5037 1213 5099 voluminis
1229 5038 1376 5107 materia,
1392 5039 1422 5098 ia
1442 5045 1544 5117 parles
1559 5057 1598 5102 ex
1613 5043 1684 5121 ipso
1708 5048 1855 5126 scriptio·

234 5146 313 5192 nutri
331 5127 455 5203 ingenio
470 5125 634 5186 tribuenda
649 5123 720 5186 suit.
749 5127 896 5189 Erasmus
916 5130 993 5190 otim
1012 5132 1116 5192 omnin
1137 5133 1168 5192 in
1188 5133 1332 5211 qrrinnue
1354 5133 1448 5194 veluti
1472 5137 1589 5197 classes
1613 5138 1754 5217 digessit,
1774 5160 1855 5218 qna·

234 5241 305 5288 rum
322 5223 424 5301 prima
438 5222 679 5283 continerentur
697 5228 731 5281 re
747 5230 909 5300 appennine
926 5232 1003 5296 rete,
1019 5228 1084 5288 sire
1101 5228 1166 5297 iila,
1194 5231 1233 5290 de
1257 5228 1375 5307 quibus
1388 5231 1503 5306 ambigi
1524 5239 1638 5306 posset,
1666 5235 1852 5316 Hieronymi

234 5331 352 5388 essent,
379 5335 477 5379 necne
500 5337 508 5379 :
534 5320 630 5383 altera
644 5325 855 5398 ψευδεπίγριφα
872 5321 978 5396 docta,
994 5324 1025 5384 id
1045 5333 1104 5397 est,
1120 5343 1190 5405 quae
1216 5326 1297 5389 falso
1324 5327 1452 5405 quidem
1472 5326 1623 5407 inscripta
1636 5331 1680 5391 illi
1694 5342 1780 5406 srrnt,
1797 5337 1854 5400 sed

236 5418 453 5477 errrdirionem
479 5425 582 5479 tarnen
611 5420 748 5496 aliquam
767 5433 830 5495 prae
846 5434 879 5478 se
897 5417 1029 5492 ierunt;
1060 5425 1152 5484 tertia
1177 5440 1248 5500 qrrra
1265 5439 1323 5483 nec
1352 5425 1433 5483 tectu
1454 5423 1550 5501 digna
1577 5426 1773 5504 ridebantur,
1796 5434 1853 5494 sed

233 5511 361 5575 indocta
376 5530 507 5592 prorsus
521 5524 616 5594 atquc
637 5515 767 5576 inlantia
787 5535 794 5572 :
815 5523 925 5591 quarta
956 5517 1123 5580 manifesto
1140 5518 1255 5591 aliena,
1272 5534 1469 5597 suorumque
1485 5530 1649 5584 auctorum
1668 5528 1853 5591 nominibus

234 5619 419 5688 prenotata,
437 5619 510 5686 puta
526 5612 689 5688 epistolas,
706 5628 786 5686 quas
798 5612 837 5672 ad
854 5613 1084 5691 Hieronymum
1105 5612 1222 5674 dedere
1239 5616 1400 5686 Damasus,
1418 5618 1627 5693 Augustinus,
1646 5621 1852 5700 EpipHanins,

233 5715 329 5784 aterne
345 5708 407 5775 alii,
419 5707 598 5783 catalogum
613 5707 686 5766 item
702 5706 897 5784 Scriptorum
913 5708 1256 5777 illustriumGennadii,
1268 5711 1453 5787 etqnaedam
1483 5712 1584 5772 ltuirni
1599 5721 1770 5794 opueula:
1791 5739 1849 5800 po·

235 5808 361 5876 strema,
383 5820 452 5880 quae
468 5819 530 5861 non
549 5801 641 5861 unius
657 5804 795 5868 auctoris
812 5802 926 5881 stylum
946 5803 1138 5882 redolerent,
1161 5805 1296 5867 maxime
1316 5823 1389 5868 roro
1415 5821 1605 5887 apparerent
1623 5831 1661 5874 ex
1692 5815 1846 5895 Hierony«

250 5965 340 6097 “⁸0
434 5908 569 5968 Parnon.
600 5907 694 5967 XXX.
1058 5999 1061 6004 1
1254 6002 1256 6005 Ι
1659 5922 1671 5981 1
