4109 6434
179 446 232 511 'itt

690 447 897 510 expostulo
919 447 961 507 ιιι
983 447 1104 509 Errsr.
1127 450 1205 514 trib
1225 453 1309 515 COR.

1753 454 1807 520 ttt

181 565 233 619 nisi
249 563 321 633 quod
338 563 447 630 cecidit,
465 572 493 619 et
518 537 742 634 resurgit'llrgo
766 579 852 632 neque
877 563 1128 634 auimaxeentes‚
1155 570 1287 624 minorem
1320 583 1379 623 esse
1414 569 1523 624 Filium.
1554 570 1583 639 Si
1608 570 1679 623 euim
1706 572 1803 634 tradet,

180 665 268 711 nieme
287 657 396 721 cecidit,
425 672 512 726 neque
527 673 636 726 semper
653 656 738 726 jacuit
754 671 854 724 eorpus
873 673 881 710 ι
899 655 968 709 ulio·

180 749 247 818 quin
260 763 373 817 surgere
385 750 472 819 magis
490 766 570 816 qumn
586 764 729 818 resurgere
746 749 894 802 diceretur.

220 861 229 892 ι
252 843 407 896 invenimur
420 853 510 896 eutem
526 852 553 896 et
569 842 629 894 hisi
649 849 733 895 testes
747 839 794 895 [lei
815 860 822 896 :
840 844 968 910 quoniam

183 933 369 985 testimouium
385 933 501 985 dixituus
515 933 645 985 aduersus
658 930 753 992 Dettrn,
767 931 838 1000 quod
851 933 969 986 suscite-

183 1023 252 1077 retit
272 1025 412 1078 Christum
432 1041 439 1078 :
459 1038 541 1093 quem
568 1038 621 1076 non
638 1024 794 1084 suscitarit,
823 1024 845 1077 si
868 1024 969 1078 mortni

184 1131 236 1167 non
252 1125 407 1184 resurgunt.
430 1133 440 1166 ι
458 1115 516 1168 Non
539 1115 625 1169 solum
646 1117 718 1179 rani,
746 1116 792 1169 sed
810 1117 892 1170 etiarn
910 1116 968 1169 lnlsi

184 1217 278 1258 eontra
307 1206 390 1260 benni
417 1207 573 1261 invenimur
602 1208 741 1261 exstitisse
772 1220 779 1259 τ
808 1207 830 1261 si
860 1206 969 1276 quidem

184 1299 282 1350 mortui
301 1312 354 1351 nou
374 1307 527 1365 resurgunt.

257 1388 322 1440 llum
336 1389 357 1442 si
371 1390 471 1443 mortui
489 1406 542 1442 nnn
567 1397 722 1458 resurgunt,
740 1403 827 1456 neque
844 1387 970 1443 Cin-istus

184 1481 343 1533 resurrexit.
362 1498 371 1531 ι
389 1479 442 1534 Sed
456 1481 583 1548 quoniam
601 1482 634 1533 de
651 1480 695 1533 rtlo
709 1494 789 1532 nemo
807 1480 924 1543 dubitat,
944 1489 970 1535 ct

183 1574 216 1625 de
232 1572 309 1624 unitis
324 1585 404 1624 nemo
418 1571 535 1623 dubitet.

222 1678 232 1711 t
249 1659 328 1725 Quod
341 1662 363 1713 si
383 1660 509 1715 Christus
522 1678 574 1715 non
588 1665 746 1728 resurrexit,
763 1678 834 1718 rana
847 1673 889 1716 est
905 1663 971 1717 tides

183 1761 285 1807 restra.
300 1752 397 1806 Adhuc
421 1754 494 1807 cnim
512 1755 578 1808 estis
600 1755 627 1808 iu
647 1754 891 1823 peccatisnostris.
914 1772 923 1805 ι
942 1753 969 1807 Si

185 1847 314 1898 mentitus
324 1857 365 1900 est
382 1861 412 1900 se
434 1855 494 1915 post
515 1847 634 1899 triduum
652 1857 879 1912 resturccturutu,
897 1861 971 1899 meu·

1023 657 1160 726 inquiunt,
1178 657 1251 712 Patri
1270 675 1381 729 reguum
1397 676 1405 714 r
1424 660 1483 728 ipse
1500 662 1594 731 utique
1612 660 1668 730 jam
1695 676 1808 729 regnare

1022 747 1139 804 desinet.
1160 751 1264 815 Quibus
1275 753 1363 818 primo
1381 752 1523 805 dicendum
1543 762 1581 804 cst
1596 768 1603 818 ;
1617 753 1678 819 quia
1696 753 1739 805 bie
1753 768 1808 805 nou

1021 840 1055 895 de
1068 838 1213 894 Trinitatis
1229 843 1396 905 substantia,
1411 842 1460 895 sed
1480 843 1511 894 tle
1524 840 1723 895 resurrectione
1741 857 1809 895 con·

1024 934 1126 986 lirtnat.
1142 932 1212 1000 Ergo
1226 935 1377 986 secundum
1404 934 1585 988 solistantiaut
1607 933 1666 1002 ejus
1677 933 1808 1000 loquitur,

1023 1027 1101 1095 quia
1122 1026 1238 1079 tuortuis
1255 1027 1417 1079 resurrexit.
1435 1026 1463 1079 Si
1477 1038 1566 1081 tamen
1595 1027 1656 1080 idco
1682 1026 1810 1080 Clnistus

1024 1135 1077 1172 nou
1101 1120 1311 1188 regnabit,qnia
1338 1135 1449 1188 reguum
1478 1120 1627 1172 traditurus
1642 1130 1683 1172 est
1714 1119 1807 1182 Patri:

1022 1226 1088 1277 ergo
1107 1225 1156 1264 nce
1181 1209 1260 1263 Pater
1287 1220 1428 1280 regnarat,
1443 1221 1588 1277 antequam
1609 1212 1633 1263 ei
1658 1211 1811 1263 tradatura

1023 1301 1104 1353 Filio.
1119 1301 1146 1354 Si
1160 1315 1251 1355 autern
1270 1302 1350 1355 llater
1380 1319 1432 1356 trun
1458 1314 1522 1355 tunc
1541 1303 1658 1372 primurn
1673 1302 1807 1371 regnarit,

1023 1393 1149 1461 quemvis
1166 1404 1229 1445 tunc
1257 1395 1387 1462 suscipiat
1410 1409 1543 1462 regnunr;
1565 1410 1613 1446 trec
1630 1392 1715 1446 Filius
1731 1390 1807 1454 illud,

1022 1487 1149 1553 qumuris
1166 1494 1231 1538 tune
1246 1486 1354 1539 trudere
1373 1486 1511 1549 rideatur,
1527 1485 1638 1538 amittit.
1655 1464 1742 1536 ¹Aliter
1756 1498 1764 1538 2
1778 1480 1808 1536 lu

1024 1576 1144 1631 lrnclleu
1168 1576 1243 1630 Petri
1269 1576 1397 1632 Christus
1423 1593 1534 1646 regnunt
1568 1574 1659 1638 tradit,
1680 1574 1807 1642 quoniam

1024 1684 1102 1724 neure
1127 1679 1216 1737 potest
1240 1669 1273 1724 ad
1297 1670 1405 1723 Patrem
1422 1670 1525 1730 tenire,
1545 1668 1596 1721 uisi
1617 1666 1762 1720 crediderit
1780 1665 1808 1719 itt

1022 1760 1146 1826 Christo,
1162 1761 1306 1829 sicutipse
1323 1760 1349 1813 in
1365 1759 1511 1830 Erartgeliu
1528 1759 1594 1813 dicit
1611 1774 1619 1812 ;
1634 1756 1719 1810 Nemo
1734 1754 1809 1808 teuit

1024 1856 1057 1910 ad
1080 1855 1200 1919 Patrem,
1215 1857 1266 1909 uisi
1283 1870 1331 1923 per
1345 1870 1397 1909 tne.

184 1939 250 1990 titus
278 1945 320 1991 est
345 1941 427 1992 etiarn
460 1953 490 1992 se
521 1951 632 2008 peecata
661 1939 809 1993 dimittere.
830 1937 938 1991 sintita
961 1930 1009 1992 :B
1063 1948 1153 2002 «Cum
1178 1947 1352 2001 erecuatcrit
1375 1961 1483 1999 ornnem
1507 1945 1743 2012 principaturum
1763 1952 1810 2005 ιο·

182 2046 278 2085 otntres
295 2032 321 2084 in
342 2035 545 2085 resurreetione
557 2032 616 2098 ejus
632 2033 812 2100 baptizamur,
839 2040 867 2082 ut
880 2039 970 2083 nostra

184 2131 295 2191 percute
325 2124 473 2177 diluuntur.
505 2124 534 2177 st
562 2139 627 2193 ergo
651 2141 704 2177 non
736 2122 896 2185 resurrexit,
922 2137 972 2178 nec

184 2217 264 2270 trolris
277 2217 389 2272 remissa
404 2227 465 2270 suut
481 2224 601 2286 peccata.

221 2326 231 2359 t
248 2308 318 2379 Ergo
334 2311 416 2378 etqui
429 2310 598 2365 dormierunt
617 2311 644 2367 in
658 2310 776 2378 Christo,
795 2312 964 2380 pet-ierunt.»

185 2399 303 2454 blariute
322 2400 355 2454 tle
372 2400 414 2453 his
429 2401 507 2467 dicit,
523 2401 567 2472 qui
587 2416 636 2470 pru
652 2401 762 2455 Christo
779 2410 843 2453 sunt
859 2380 971 2455 rnor'tui:

185 2494 245 2544 siue
266 2505 349 2543 causa
365 2490 436 2543 euint
457 2492 527 2546 itane
545 2493 627 2546 ritant
651 2491 836 2561 pcrdlderuut,
853 2491 874 2544 si
892 2491 972 2544 aliam

186 2599 243 2637 nou
261 2583 409 2638 habebunt.

225 2675 275 2730 «Si
295 2677 322 2730 in
349 2677 401 2730 bac
423 2675 478 2730 ιιιι
506 2685 610 2731 tantum
641 2676 668 2729 iu
685 2660 808 2731 'Christo
833 2683 973 2744 sperantes

188 2782 312 2824 sunum:
338 2767 552 2823 miserabiliores
580 2766 820 2824 sunrusuutnibus
854 2764 974 2819 homiui-

189 2861 277 2916 tus.»
306 2857 345 2914 llli
377 2860 449 2915 euim
478 2861 520 2913 rel
538 2860 708 2925 inpraesenti
730 2858 879 2930 glorientur
900 2870 974 2912 :nos

188 2962 279 3004 eutem
306 2952 349 3006 ltie
373 2953 564 3007 tribulationes
580 2951 704 3020 quotidie
723 2951 901 3003 sustinemus.

229 3044 332 3099 illunc
358 3054 449 3097 autem
474 3044 601 3099 Christus
620 3043 769 3096 resurrexit
786 3057 800 3095 u
820 3042 946 3095 mortuis.
962 3058 971 3091 ι

189 3136 350 3206 Qtrodupud
379 3151 476 3190 onrues
505 3146 547 3190 est
573 3146 677 3190 eertum
704 3134 793 3203 :quia
825 3134 851 3186 in
881 3133 974 3200 priuds

189 3235 332 3302 probatum
351 3247 403 3289 est.

1025 2051 1164 2105 testatem,
1183 2049 1211 2093 et
1241 2042 1396 2093 uirtutem.»
1428 2037 1572 2090 Eraeustis
1591 2035 1724 2102 pereatis,
1744 2046 1810 2085 eta·

1023 2136 1179 2186 euehuntur
1197 2147 1212 2184 a
1231 2131 1308 2184 nobis
1320 2145 1415 2183 euntes
1430 2129 1575 2182 contrariae
1588 2134 1736 2195 potestates
1753 2139 1761 2181 :
1775 2120 1810 2176 ab

1024 2241 1068 2290 cn,
1091 2224 1163 2293 quod
1189 2223 1268 2277 nobis
1294 2220 1514 2289 sesequentibus
1531 2218 1717 2286 principantur
1732 2223 1809 2284 pote·

1024 2327 1106 2381 stote,
1123 2332 1176 2386 qua
1193 2331 1243 2370 uos
1255 2315 1388 2368 vicerant.
1408 2314 1497 2368 i'irtus
1508 2311 1579 2365 enim
1595 2325 1700 2373 eorum,
1718 2315 1810 2362 nostra

1032 2420 1146 2477 peccata
1163 2419 1237 2463 sunt.

1065 2496 1199 2569 ‹Oportet
1220 2509 1312 2553 autent
1332 2498 1408 2552 illum
1431 2508 1556 2565 regnare,
1576 2493 1662 2548 donee
1690 2498 1807 2560 patrat.»

1025 2592 1093 2646 Cum
1111 2593 1239 2646 oumihus
1259 2592 1365 2644 seilicet
1380 2589 1448 2643 suis.
1463 2590 1564 2652 bouee,
1580 2601 1633 2640 trun
1658 2596 1765 2652 seraper
1781 2581 1813 2634 lt·

1027 2699 1088 2737 nctn
1103 2683 1242 2754 signifieat
1262 2683 1355 2734 :sicut
1368 2678 1514 2741 estillud:
1534 2678 1589 2746 Cgo
1617 2675 1688 2728 heus
1709 2682 1811 2739 uester,

1026 2778 1113 2831 ‹lonee
1128 2776 1288 2835 senescatis,
1303 2781 1330 2825 et
1346 2783 1443 2826 caetera
1464 2770 1540 2822 talin.
1555 2767 1642 2820 Aliter
1661 2781 1668 2821 ;
1686 2762 1810 2833 Oportet,

1026 2870 1125 2937 inquit,
1141 2881 1256 2935 regnare
1267 2866 1394 2919 outnibns
1409 2863 1557 2928 Christum,
1573 2861 1659 2914 donee
1675 2857 1811 2919 iuimicus,

1025 2971 1054 3017 et
1071 2960 1099 3014 in
1114 2975 1143 3014 se
1158 2958 1324 3019 incredulos,
1338 2956 1464 3025 subjiciat
1479 2952 1572 3008 sibiet
1590 2950 1674 3005 Patri.
1692 2947 1750 3002 Non
1769 2953 1813 3001 est

1026 3063 1117 3108 autent
1150 3067 1204 3105 una
1218 3049 1354 3119 subjectio
1369 3065 1376 3112 3
1391 3062 1451 3100 narn
1477 3047 1576 3115 justos,
1597 3043 1632 3097 ed
1656 3057 1686 3096 se
1709 3041 1760 3094 dtle
1785 3047 1818 3092 et

1027 3143 1194 3199 credulitate
1219 3142 1372 3203 nutrientes,
1388 3137 1509 3205 subjicit.
1528 3135 1654 3189 lulideles
1667 3141 1769 3195 autem,
1784 3136 1814 3182 et

989 3275 1010 3312 ρ
1029 3239 1129 3306 impios
1155 3237 1325 3300 destruens,
1357 3232 1512 3303 subjugabit
1545 3238 1647 3284 eterno
1680 3223 1817 3294 supplicio=

230 3325 383 3381 «Primitiae
397 3326 601 3380 dormientium.
618 3343 628 3375 ι
645 3323 710 3389 Quia
729 3322 830 3392 primus
844 3321 871 3374 itt
888 3321 975 3374 iucur—
991 3309 1011 3331 “
1029 3329 1213 3397 ιιῡρυιαῃιιος,

190 3420 316 3486 ruptione
334 3419 464 3475 surrexit.
481 3419 510 3472 Si
521 3433 587 3488 ergo
603 3424 683 3485 ceput
696 3413 976 3478 resurrexit,ncccsse

191 3520 235 3565 est
250 3512 334 3565 etiarn
348 3519 377 3564 ut
391 3520 489 3565 caetera
503 3508 625 3563 membra
647 3515 807 3575 sequautur.

229 3601 384 3669 «Quintilem
418 3602 527 3669 quidem
542 3615 600 3669 ,per
616 3599 752 3653 ltoruitrent
770 3613 856 3662 murs,
872 3607 900 3650 et
930 3608 977 3665 per

192 3698 329 3751 ltuntinetn
347 3696 515 3749 resurrectio
529 3703 728 3747 mortuorunt.»
742 3690 818 3744 Sicut
832 3705 879 3758 per
891 3689 976 3741 Adana

194 3786 403 3850 rnorsintrarit,
417 3786 479 3854 quie
500 3784 605 3852 primus
629 3785 686 3851 ipse
712 3790 753 3835 est
778 3790 901 3835 mortuus
917 3796 923 3831 :
941 3779 978 3830 ita

193 3895 241 3948 per
255 3879 393 3933 Cltristuut
413 3877 589 3939 resurreetio,
605 3875 668 3945 quia
690 3875 794 3943 primus
817 3874 978 3926 resurrexit.

192 3972 373 4026 Etsicntille
395 3969 568 4023 morientium
599 3966 686 4022 lerina
718 3973 770 4028 est,
807 3963 844 4016 ita
869 3973 896 4017 et
927 3963 979 4014 iste

194 4063 407 4130 resurgentium.
426 4062 511 4113 dlitcr
529 4077 535 4112 ι
553 4073 628 4126 spem
651 4055 864 4111 resurrectionis
886 4053 978 4106 rolens

193 4154 351 4217 ostendere,
366 4150 417 4203 hoc
435 4149 501 4203 tlieit
518 4165 525 4203 :
544 4147 620 4201 Sicut
639 4148 666 4200 itt
688 4146 772 4200 ddum
794 4146 920 4198 tnorteles
936 4157 980 4197 su-

195 4260 267 4304 ruus,
280 4245 319 4296 sie
333 4253 361 4297 et
381 4243 407 4295 ln
425 4241 534 4296 Christe
552 4241 721 4295 inunortales
738 4239 851 4292 eritnus.

233 4334 289 4389 «Et
304 4336 375 4390 sieut
397 4336 422 4388 lu
439 4333 525 4386 Adam
544 4348 639 4386 ornnes
659 4332 814 4385 moriuntur
831 4346 838 4384 ι
855 4331 890 4382 ιιι
910 4338 936 4381 et
953 4327 979 4381 in

194 4429 303 4486 Christo
338 4444 432 4485 omues
466 4428 715 4481 ririiteubttntur.»
743 4422 844 4477 Otuncs
870 4422 979 4489 quidem

196 4532 352 4592 resurgent,
369 4520 415 4574 sed
430 4519 480 4571 suli
503 4519 527 4572 hi
545 4516 756 4570 ririlrcabnutur
767 4515 793 4567 ln
805 4510 979 4581 Christmqnl

1068 3441 1077 3471 ι
1090 3420 1192 3476 (lintres
1204 3418 1330 3474 inimicos
1343 3417 1394 3472 sub
1407 3416 1521 3486 pedibus
1535 3412 1602 3481 eins.
1619 3431 1629 3464 ι
1644 3411 1757 3477 Quuttdo
1768 3410 1819 3468 alii

1031 3515 1181 3579 volumtate,
1198 3512 1243 3565 aiii
1263 3519 1343 3565 erunt
1360 3510 1522 3564 necessitate
1537 3507 1663 3575 subjecti.

1068 3604 1246 3658 «Nouissime
1281 3613 1372 3656 autern
1400 3602 1509 3654 inimica
1547 3601 1703 3653 destruetur
1731 3610 1818 3654 mors..

1030 3697 1127 3752 Omnia
1140 3697 1212 3750 euim
1231 3696 1348 3761 subjecit
1365 3695 1416 3749 sub
1432 3695 1545 3763 pedibus
1562 3693 1632 3759 cius.
1645 3691 1713 3747 Cum
1725 3702 1815 3743 auteur

1030 3790 1111 3853 ‹lit-at,
1129 3788 1356 3856 otnniasubjectu
1384 3796 1447 3839 suut
1478 3787 1515 3841 ei.
1532 3804 1541 3835 ι
1560 3784 1699 3847 birrbolus,
1716 3781 1761 3850 qui
1789 3780 1816 3833 iu
1847 3851 1849 3853 q

1032 3881 1193 3950 Apocalypsi
1225 3888 1365 3949 peceatum
1394 3886 1421 3930 et
1452 3892 1526 3930 mors
1561 3871 1816 3945 appellaturzquia

1032 3984 1127 4026 auctor
1140 3984 1183 4025 est
1196 3971 1301 4040 peceati
1317 3979 1344 4024 et
1364 3969 1472 4023 ntort'rs.

1070 4065 1197 4118 ‹Praeter
1216 4079 1290 4126 eum,
1318 4063 1365 4131 qui
1392 4061 1510 4131 subiecit
1537 4060 1562 4114 ei
1592 4057 1714 4113 omniur
1732 4055 1817 4109 Canto

1032 4154 1179 4223 Apostolus
1192 4155 1256 4209 dicit
1274 4154 1353 4219 Filio,
1364 4155 1409 4223 qui
1423 4154 1478 4207 llce
1495 4152 1566 4206 Petri
1583 4148 1699 4217 subjecit
1714 4147 1816 4211 ornttia,

1032 4258 1129 4301 ennete
1159 4262 1220 4302 esse
1250 4247 1445 4313 subjectetne
1475 4255 1502 4298 et
1536 4244 1625 4312 ipsum
1646 4239 1816 4301 simulentur

1033 4339 1250 4404 vermibusque
1269 4338 1391 4404 subjecta
1420 4344 1494 4398 sunt,
1509 4336 1653 4388 credemus
1666 4347 1726 4386 esse
1745 4331 1815 4385 sub-

1031 4433 1145 4501 jectum,
1163 4432 1326 4500 quoniame
1354 4431 1457 4484 dextris
1483 4429 1573 4484 Patris
1599 4429 1697 4482 sedet:
1720 4424 1818 4494 aequall

1035 4532 1170 4593 potestate
1181 4539 1241 4577 cum
1263 4524 1344 4576 Patre
1358 4522 1541 4590 judicaturus.

194 4613 296 4668 Christi
321 4614 500 4665 merebuntur
516 4607 640 4677 copulari
665 4605 863 4674 ιϋιιιῠιιιιιθιιι
893 4613 922 4660 el
947 4606 1019 4680 dep
1073 4615 1265 4669 tCnurautem
1285 4612 1406 4678 subiecta
1425 4610 1526 4664 luerint
1560 4608 1598 4662 illi
1628 4607 1731 4668 omnia,
1754 4617 1819 4661 tune

195 4704 334 4760 cottnnuui
352 4713 452 4766 morte,
470 4712 498 4756 et
518 4703 552 4756 de
571 4701 774 4755 resurreetione
788 4699 864 4753 dicit.

235 4796 450 4867 «uniusquisque
466 4803 557 4850 nutem
576 4795 603 4847 iu
624 4808 674 4847 sun
689 4794 796 4848 ordine.
813 4810 823 4843 ι
842 4790 984 4862 Tetnporis

197 4890 240 4945 rel
255 4892 376 4944 honoris.

237 4981 526 5037 «Primititechristus
541 4998 549 5036 ι
567 4979 664 5036 deinde
677 4982 702 5035 ιιι
727 4982 772 5051 qui
790 4990 853 5035 sunt
870 4980 983 5048 Christi,

196 5074 244 5142 qui
256 5075 282 5128 in
294 5076 411 5128 udrentu
420 5074 480 5144 ejus
492 5074 676 5127 crettiderunt.
689 5073 790 5128 lleiude
801 5075 891 5127 stitis.»
909 5073 984 5130 Tune

196 5167 250 5218 erit
273 5166 336 5220 linis
365 5169 498 5229 omniurn,
525 5167 607 5219 etlam
638 5166 743 5228 mortis,
772 5182 835 5219 cunt
866 5167 984 5221 tntiretsi

198 5265 349 5324 resurgent.

241 5366 250 5398 t
265 5349 332 5402 Cum
348 5348 493 5402 tradiderit
506 5362 617 5416 regnntu
633 5346 687 5399 Deo
698 5357 725 5400 ct
741 5349 845 5401 Patrio
864 5349 999 5418 Regnum

200 5442 306 5498 scilicet
323 5442 433 5494 immani
450 5440 569 5511 generis,
582 5440 732 5493 secuudum
744 5438 817 5493 Petri
829 5442 984 5510 epistolam,

199 5533 433 5602 ethpoeutypsim
460 5526 583 5595 loannis,
601 5529 672 5582 Patri
701 5530 859 5585 tradendum
888 5533 985 5589 asserit

199 5643 261 5680 esse
281 5640 329 5695 per
346 5623 445 5677 Filium
463 5640 471 5678 ι
486 5632 516 5676 ut
536 5622 572 5675 ibi
593 5634 687 5690 regnet
705 5621 773 5674 [leus
792 5638 838 5689 per
859 5626 983 5692 glorietur,

199 5718 245 5770 ttbi
265 5733 311 5786 per
326 5716 390 5769 uitia
405 5714 528 5768 diabulus
542 5722 604 5766 ante
619 5715 760 5782 regnabat.
781 5713 836 5766 Deo
857 5728 880 5767 et
900 5718 983 5770 l'atri.

200 5809 266 5874 ileo,
293 5807 443 5863 sectmdunt
475 5805 672 5858 immanitatem
694 5819 700 5856 ;
721 5801 803 5868 Patri,
834 5804 982 5859 semirutum

199 5903 337 5956 deit-rtem.
361 5897 415 5952 line
443 5900 501 5951 loeo
527 5896 685 5952 caturuoimt
714 5896 801 5950 solent
824 5897 928 5962 Ariani,
946 5897 985 5950 di·

1035 4712 1063 4758 et
1078 4704 1137 4772 ipse
1154 4701 1239 4756 Filius
1253 4701 1394 4771 subjectus
1411 4698 1464 4753 erit
1495 4699 1546 4762 ilii,
1559 4699 1606 4763 qui
1631 4696 1747 4765 subjecit
1765 4695 1820 4748 sibi

1036 4792 1142 4848 omnia.
1159 4809 1168 4841 ι
1187 4790 1236 4845 llie
1264 4803 1374 4860 quoque
1391 4789 1484 4841 Ariani
1504 4787 1540 4840 ita
1556 4785 1770 4851 calumniantur,
1791 4794 1823 4847 ut

1036 4886 1141 4951 dicant,
1162 4885 1226 4954 quia
1254 4893 1316 4953 post
1342 4883 1572 4936 resurrectionem
1600 4881 1722 4935 numium
1743 4889 1769 4932 et
1787 4877 1821 4931 tt·

1036 4993 1110 5042 uem,
1125 4980 1178 5032 erit
1192 4976 1278 5030 filius
1301 4975 1376 5030 Patri
1393 4975 1545 5045 subiectus,
1563 4985 1593 5029 ιιι
1616 4975 1704 5027 ιιιιιιιιι
1717 4973 1822 5027 seilicet

1037 5067 1148 5138 majori.
1163 5066 1267 5134 Quibus
1293 5069 1514 5136 respondentium
1534 5076 1600 5120 est:
1618 5065 1821 5134 Subicetinuent

1037 5177 1090 5215 neu
1109 5175 1218 5230 semper
1245 5159 1278 5213 ati
1295 5160 1502 5214 diminutionem
1532 5157 1643 5210 honoris
1673 5155 1821 5223 pertinere,

1038 5255 1085 5309 scd
1104 5255 1186 5308 etiarn
1200 5254 1233 5306 etl
1248 5253 1394 5305 elrnrltatis
1418 5251 1534 5306 obit—ium
1553 5265 1560 5307 ;
1580 5249 1697 5302 tuuxlttre
1713 5264 1773 5300 euttt
1795 5254 1823 5306 et

1038 5346 1154 5412 spiritus
1169 5343 1364 5411 prophetarum
1390 5343 1530 5412 prophetis
1545 5342 1652 5394 dicatur
1670 5353 1731 5393 esse
1757 5338 1820 5393 sub·

1035 5436 1135 5504 jectns,
1154 5448 1180 5487 nt
1198 5451 1251 5488 nou
1271 5436 1305 5487 sit
1327 5435 1398 5489 bens
1414 5435 1451 5487 ibi
1464 5432 1653 5496 dissensionis,
1667 5428 1714 5485 sed
1734 5429 1820 5499 pacis.

1037 5526 1070 5581 lit
1092 5528 1148 5597 ipse
1162 5527 1293 5581 heluinus
1308 5524 1408 5595 loseph
1425 5541 1456 5579 ae
1481 5525 1570 5577 tlartae
1586 5522 1713 5578 scribitur
1735 5520 1822 5576 luisse

1037 5620 1187 5686 subjectus.
1202 5619 1275 5671 llulti
1291 5635 1356 5672 sane
1372 5619 1406 5671 dc
1422 5618 1473 5670 hoc
1488 5617 1610 5684 capitulo
1626 5615 1733 5670 diversa
1758 5628 1822 5668 sea·

1037 5723 1139 5764 serunt.
1157 5710 1222 5763 Nam
1239 5711 1348 5779 quidem
1368 5710 1474 5773 dicunt,
1492 5709 1567 5763 sieut
1580 5709 1605 5761 iu
1622 5708 1680 5761 suis
1697 5707 1823 5761 esurien-

1039 5805 1110 5857 tihns
1128 5804 1234 5864 seruiit,
1249 5804 1289 5855 rel
1308 5803 1415 5855 cibatur
1431 5817 1438 5857 :
1457 5803 1492 5853 ita
1511 5810 1538 5855 et
1563 5801 1589 5853 iu
1607 5799 1729 5854 Ecclesia
1749 5798 1821 5868 (qne

1039 5907 1079 5951 cst
1110 5912 1209 5967 corpus
1229 5897 1300 5965 ejus)
1319 5893 1618 5964 permitterentur
1647 5895 1733 5960 aiunt,
1750 5894 1821 5962 quod
