4109 6434
209 454 247 518 bd
674 463 858 522 timsttttt
882 463 913 524 V.
935 463 986 522 bi)
1005 462 1159 522 dtttctltt
1180 463 1393 528 AEuttttttltt.
1803 477 1839 539 70

208 579 325 624 mortem
341 570 487 651 desideret,
503 586 585 642 quam
598 573 705 645 longum
727 578 828 630 sntiset
842 576 996 643 languidam
1013 590 1033 637 tt
1050 576 1212 643 puricubun,
1230 578 1273 630 nbi
1290 579 1414 632 ,trrsritur
1429 581 1581 649 praerntun.
1597 581 1653 640 Nec
1669 586 1748 643 debet
1758 590 1837 646 miles

210 664 305 725 ultam,
324 660 603 718 diccutcSttlomotte:
631 664 725 720 llelior
743 678 781 721 est
812 684 894 731 mors,
917 683 997 736 quom
1050 660 1245 731 rcrocari,'attt
1266 671 1574 737 patilormblitrettt,nbi
1592 678 1718 746 sequitur
1744 681 1832 746 palum

208 753 263 808 rito
277 770 391 808 orooro:
410 767 433 808 et
451 758 552 824 requies
571 767 780 828 wicrammum
805 762 919 830 lonquor
933 777 996 828 per·
1049 759 1180 814 uictoriae.
1206 762 1260 815 Sua
1291 763 1364 816 euim
1381 763 1511 820 lelicitate
1539 766 1622 822 miser
1635 777 1687 834 est,
1703 769 1748 838 qui
1772 785 1834 824 cnm

207 857 329 896 tereretur
349 841 445 912 (Ereti.
464 861 527 909 xxx,
545 846 609 914 lii?
647 850 680 903 b't
712 850 915 907 silbiadletiur
949 852 998 906 tibi
1049 847 1264 914 inlebcitatibus,
1288 853 1386 920 quibus
1415 854 1502 922 gloria
1524 855 1663 927 gignitur,
1693 874 1834 928 uunquam

208 937 286 996 rnori.
312 953 393 1005 quom
425 939 509 992 uiuere
537 936 635 1007 (Eccli.
666 957 710 1004 xc,
735 942 792 1008 29).
821 942 895 997 llors
924 944 995 998 orum
1048 941 1510 1001 nteruitbubcrecottllictum.Nec
1532 962 1609 1000 surm
1629 950 1756 1004 uirtutem
1791 952 1835 1005 tli-

208 1027 281 1080 trrtmi
297 1026 400 1081 bomini
415 1029 461 1081 dat
486 1031 622 1096 requiem.
651 1030 706 1087 Pro
729 1041 805 1088 certo
833 1035 903 1088 iutcr
924 1036 995 1088 mala
1048 1033 1220 1103 dicit,qnem
1248 1036 1390 1090 calamitas
1415 1053 1469 1091 nnn
1491 1040 1620 1094 excussit.
1641 1041 1754 1110 Semper
1784 1041 1834 1097 de-

207 1118 359 1185 grassantia
376 1122 532 1175 necessario
556 1124 648 1176 exitus
658 1124 782 1179 sitietttcr
795 1136 915 1195 optatur.
941 1126 995 1180 Sed
1048 1125 1131 1193 nique
1147 1127 1278 1180 inertibus
1291 1128 1430 1193 ruembris,
1452 1145 1564 1186 suornm
1582 1133 1680 1187 uirium
1699 1132 1769 1201 juret
1783 1136 1835 1190 mi·

207 1212 342 1265 sicutnec
359 1222 482 1266 nostrum
502 1211 589 1267 luerat
610 1216 696 1280 nosci,
723 1217 758 1270 ita
777 1233 828 1271 noe
853 1219 995 1287 potcstatis
1048 1215 1360 1288 lesignarusetiguntus
1382 1221 1445 1285 sibi,
1469 1223 1515 1290 qui
1541 1240 1678 1295 nunquam
1700 1226 1833 1282 bellorum

208 1312 362 1357 nostraecst
374 1305 454 1358 mori.
469 1306 577 1375 dlioqni
595 1308 616 1361 si
632 1307 658 1361 itt
675 1322 766 1362 nostra
778 1319 912 1378 potestate
925 1312 994 1366 mori
1047 1311 1193 1366 calentium
1214 1315 1340 1383 gloriosis
1377 1318 1490 1372 testibus
1516 1321 1662 1387 artbelatit,
1695 1338 1833 1392 nunqnam

205 1394 379 1459 consisteret,
395 1408 468 1449 esset
489 1397 515 1448 itt
530 1405 662 1464 potestute
677 1414 730 1452 nou
744 1400 823 1452 mori.
840 1399 995 1454 Adbocin-
1045 1401 1192 1457 sudoribus
1220 1405 1372 1475 triumphos
1400 1405 1514 1463 invertit.
1545 1409 1599 1465 Nec
1618 1425 1680 1465 enm
1709 1414 1833 1480 sequitur

207 1493 251 1537 ter
266 1494 377 1540 nostras
402 1489 541 1556 angustias
565 1489 660 1543 mottis
676 1491 798 1560 requiem
825 1493 992 1562 flagitamus,
1045 1491 1163 1548 iclicitas
1176 1497 1362 1563 praetniornut,
1379 1498 1426 1566 qui
1444 1502 1577 1555 sarcinam
1586 1513 1694 1572 gestare
1710 1519 1762 1557 non
1775 1503 1834 1557 rult

206 1578 269 1646 quin
282 1580 353 1634 inter
367 1581 436 1634 mala
453 1581 569 1636 debono
589 1583 711 1639 solmneu
739 1595 778 1639 est
801 1601 857 1640 uon
883 1596 991 1643 tacere:
1045 1597 1194 1637 arbiorum-
1216 1585 1246 1639 Et
1263 1587 1323 1639 bico
1336 1588 1362 1639 in
1381 1603 1431 1641 usu
1444 1588 1523 1645 debet
1536 1606 1640 1660 csseqtt
1653 1592 1676 1647 td
1687 1596 1830 1662 ptaentbtnt

205 1670 392 1738 uarignntium
408 1687 492 1738 moro,
508 1675 605 1742 quibus
618 1677 789 1744 refrigerium
805 1687 847 1733 est
860 1678 931 1733 inter
951 1680 992 1733 itt-
1044 1686 1166 1741 generat,
1179 1688 1204 1730 ct
1220 1680 1339 1745 optabile
1353 1682 1425 1748 quod
1448 1681 1561 1749 gloriam
1576 1685 1657 1752 parit.
1681 1684 1750 1753 Ergo
1764 1701 1830 1756 quo·

204 1759 532 1832 iestosatquesollicitos
561 1781 656 1820 cursus
686 1767 758 1836 loqui
784 1770 817 1823 de
845 1771 991 1825 securitate
1045 1767 1116 1818 niatu
1128 1783 1189 1820 cnm
1203 1770 1321 1824 dirersis
1336 1774 1516 1827 tentationum
1528 1772 1626 1843 iaculis
1641 1776 1827 1830 dimicandum

204 1853 360 1920 portuensi,
377 1854 410 1908 atl
429 1870 510 1923 quam
525 1857 575 1909 etsi
589 1872 645 1911 uon
662 1857 754 1924 licem,
774 1869 907 1928 quantum
927 1861 991 1915 ani·
1045 1860 1193 1914 estnobis:
1209 1862 1307 1930 siquid
1321 1865 1480 1930 ειιιειεειίι,Ι
1495 1868 1567 1936 quod
1583 1868 1655 1922 uires
1679 1868 1830 1931 exatuinct,

203 1960 265 1999 mus
277 1948 362 2014 cupit,
383 1946 498 2003 celerius
513 1951 762 2021 perrenirc;jnuat
777 1963 867 2008 tamen
881 1965 906 2008 et
920 1957 987 2012 satis
1042 1949 1114 2018 (1⁰⁰⁶
1143 1954 1265 2006 ”mulitia
1289 1956 1438 2019 concutiat,
1462 1959 1533 2025 b¹¹⁰tl
1559 1959 1678 2012 wimadi
1709 1959 1827 2030 probet:

202 2039 411 2107 polemonem,
428 2041 554 2096 tuebores
572 2044 987 2112 partes‹tptsre.Sed‹1o‹›rttatrt
1041 2041 1119 2108 quasi
1140 2044 1312 2097 occasionem
1340 2050 1466 2102 muneris
1496 2047 1662 2117 arripiamus
1700 2049 1828 2117 nntpteru

203 2147 253 2184 uec
271 2141 371 2185 nostroe
391 2135 587 2201 potestatisest
609 2135 690 2205 potiri
704 2137 944 2206 melioribusque
958 2141 990 2193 de
1041 2132 1160 2188 uirtutis.
1179 2134 1218 2187 lto
1250 2136 1329 2190 debet
1351 2152 1413 2192 esse
1440 2139 1522 2193 anitni
1554 2140 1701 2196 innnobilis
1726 2143 1826 2205 rirtnr,

202 2234 290 2279 morte
308 2238 470 2291 nascuntur,
482 2237 674 2297 exspectantes
689 2229 812 2293 melium,
825 2230 926 2289 bouum
948 2232 991 2286 in·
1040 2237 1123 2293 atque
1140 2228 1237 2280 mentis
1252 2228 1418 2284 inconcusse
1430 2231 1511 2285 robur
1527 2231 1627 2286 invictu
1639 2249 1667 2296 n,
1690 2243 1717 2286 ut
1728 2242 1770 2287 est
1780 2249 1828 2301 po¹

202 2317 283 2370 terim
304 2332 432 2387 geramus
444 2318 513 2372 inter
530 2319 600 2373 mala
616 2329 764 2376 certamen.
778 2322 882 2377 Bonum
898 2334 987 2379 autent
1041 2330 1080 2373 tra
1099 2321 1222 2386 bsonari,
1241 2323 1407 2389 quamimer
1437 2321 1535 2378 llurtus
1567 2333 1663 2378 natura
1693 2326 1828 2390 btudarit,

201 2421 341 2463 certamen
357 2419 409 2476 est,
427 2409 508 2464 malis
522 2425 575 2464 non
592 2412 714 2476 credere,
733 2416 780 2468 sed
793 2416 863 2468 mala
881 2415 989 2470 rirtntis
1040 2428 1101 2483 quar
1119 2416 1253 2468 nudarum
1268 2417 1431 2468 tumentium
1464 2416 1605 2470 collisione
1623 2417 1759 2486 lreqnonti
1780 2433 1826 2472 ra·

202 2503 272 2556 bona
284 2511 403 2571 portare,
420 2517 467 2571 per
486 2518 546 2570 quae
561 2503 587 2556 itt
599 2503 711 2558 meliora
725 2504 759 2559 de
774 2514 988 2564 murtenascen·
1041 2507 1115 2573 nulat
1151 2520 1202 2559 uec
1230 2518 1365 2560 ororetur.
1387 2504 1481 2575 ltaque
1499 2508 1543 2561 ubi
1559 2509 1697 2561 bominem
1710 2509 1827 2563 alrersa

203 2595 241 2647 tia
257 2595 358 2648 morbis
373 2603 456 2662 atque
470 2594 742 2650 carentiasublitmtti
758 2607 909 2666 portentur.
924 2600 989 2655 sne
1041 2601 1068 2651 ln
1087 2596 1211 2666 pretinm
1228 2606 1411 2666 procumbet
1430 2600 1454 2651 itt
1470 2607 1608 2653 certamen
1620 2599 1761 2654 calamitas
1775 2615 1824 2653 nr·

200 2688 299 2742 ducatn
312 2689 384 2742 onim
396 2699 478 2757 atque
491 2703 582 2742 morsu
597 2686 775 2753 infelicitatis,
792 2690 818 2744 in
835 2690 987 2760 triumpbns

201 2781 363 2834 immortalis
376 2778 469 2850 glorie
489 2795 542 2834 nort
559 2779 719 2847 pervenitur
737 2785 821 2850 :qnia
834 2797 882 2851 per
892 2783 989 2839 discri-

200 2874 275 2927 mina
286 2872 435 2928 coniicitur
449 2888 547 2928 cursus
560 2873 586 2928 iu
600 2885 688 2941 portu.
706 2872 797 2928 Primo
807 2875 988 2946 triumpbutor

201 2981 254 3019 uon
272 2974 361 3034 potest
378 2965 446 3031 dici,
459 2966 510 3021 nisi
526 2967 570 3021 cni
587 2965 729 3021 victoriam
754 2966 841 3022 virtus
862 2968 985 3022 invenit:

198 3073 262 3125 quse
276 3073 356 3113 omne
368 3059 440 3128 quod
457 3057 578 3124 tiutetnr,
593 3057 683 3114 subse
710 3059 797 3112 cernit
816 3058 911 3113 elisum
932 3069 988 3112 tra-

200 3155 292 3220 luitque
306 3152 407 3206 invicta
420 3153 571 3221 captivum.

1040 2699 1085 2759 qet
1101 2699 1129 2743 ct
1143 2688 1227 2759 cogit,
1245 2690 1350 2745 animus
1364 2689 1429 2745 lelix
1446 2690 1554 2745 virtutis
1570 2689 1663 2762 clypeo
1692 2696 1825 2760 producat

1039 2791 1186 2845 armatum,
1202 2789 1366 2850 praestetque
1386 2782 1459 2835 inter
1475 2781 1596 2848 pericula
1622 2789 1708 2835 tntum
1737 2792 1765 2835 et
1777 2797 1828 2836 tte·

1039 2890 1145 2939 curum,
1164 2879 1233 2926 iuter
1246 2874 1366 2928 iulelicia
1383 2876 1507 2928 ostendat
1529 2873 1650 2940 lelieem,
1679 2876 1752 2929 inter
1775 2888 1825 2930 att·

1039 2981 1116 3038 qores
1128 2967 1255 3021 exhibeat
1279 2966 1380 3031 lurtum,
1403 2968 1475 3043 inter
1492 2967 1632 3022 morbidas
1646 2968 1824 3038 egritudines

1039 3071 1157 3114 saumtt:
1185 3058 1337 3127 efficiatque
1366 3059 1538 3112 sustinentiae
1558 3058 1661 3127 jncttlo,
1691 3059 1762 3112 uirtn
1780 3075 1827 3113 ca·

1039 3151 1175 3211 larnitate,
1205 3151 1345 3205 rictorem.
1372 3148 1523 3217 Superntttr
1550 3152 1623 3205 etrim
1659 3154 1772 3206 morbus
1794 3151 1823 3206 in

239 3243 271 3299 ι’.
287 3244 336 3298 Εει
348 3244 450 3299 intereo
466 3244 607 3310 sarculum,
635 3244 724 3299 ut‘est
744 3259 819 3299 mure
843 3243 1023 3318 impatiensc
1041 3258 1167 3314 corpore,
1181 3245 1203 3299 si
1218 3244 1307 3299 discat
1323 3245 1432 3299 anirnus
1450 3244 1604 3298 sustinere:
1632 3254 1659 3298 et
1686 3243 1749 3297 itleo
1777 3243 1823 3300 ttbi

201 3348 310 3402 omma,
328 3349 356 3391 et
369 3336 432 3391 aitte
448 3338 538 3392 tentis
555 3336 689 3402 iubatum,
702 3338 810 3408 erigens
827 3335 933 3392 scilicet
958 3337 985 3391 in

202 3433 261 3499 ipsa
277 3427 474 3496 tranquillitate
499 3428 619 3480 minares
630 3438 711 3496 utque
729 3427 864 3482 terribiles
879 3427 987 3493 linctus,

201 3524 271 3594 quod
288 3525 352 3579 licet
374 3537 497 3578 sessores
511 3517 563 3576 uon
578 3534 676 3577 noceat
693 3538 767 3588 sitos,
785 3525 869 3578 babet
897 3532 986 3577 taruco

200 3618 300 3686 aliquid
321 3616 474 3672 formidinis
500 3617 584 3670 etiam
609 3616 719 3671 innoxia
745 3616 914 3684 magnitudo,
938 3634 987 3671 uec

201 3711 392 3781 trarigantibus
410 3709 509 3764 desunt
523 3706 683 3763 lormidittes
701 3708 860 3778 frequenter
874 3717 901 3763 et
917 3710 986 3764 ictus

200 3805 345 3858 unitarum.
372 3801 517 3870 Nunquam
558 3802 675 3870 denique
688 3801 853 3871 guberuator
865 3812 935 3855 totns
951 3803 989 3857 si·

199 3910 375 3952 nossecnrus
390 3896 533 3966 explicuit.
552 3895 584 3949 Et
597 3896 623 3949 itt
641 3895 692 3949 boc
709 3895 811 3949 mundo
835 3896 881 3963 qui
896 3894 987 3964 lrnqo-

198 4006 258 4044 suin
275 3990 337 4043 vitre
352 3988 432 4058 liujus
441 3995 468 4043 et
479 3989 618 4044 turbidum
630 3987 777 4058 querimus
792 4000 914 4053 cursum,
929 4001 987 4040 mr-

199 4082 287 4134 lorum
308 4081 448 4149 tangimur
466 4079 547 4132 minis
569 4078 727 4148 frequenter
752 4089 779 4131 et
797 4077 905 4132 causis:
931 4092 987 4130 mn-

199 4173 272 4227 ximo
290 4188 360 4239 quos
373 4174 443 4227 inter
458 4171 532 4240 regia
542 4181 633 4224 castra
651 4169 747 4224 militia
763 4163 883 4224 coelcstis
895 4169 987 4238 sigua·

198 4281 242 4322 tos
268 4267 389 4320 iric-lusit.
417 4262 477 4319 lam
493 4264 612 4319 diximus
626 4263 753 4317 seculum
771 4261 866 4330 pelago
878 4276 988 4330 compa·

198 4358 254 4414 rari
272 4359 430 4428 inquorara
445 4364 508 4410 suut
519 4368 659 4424 prospera,
673 4355 756 4408 densa
776 4352 987 4408 suuttnrbulen-

198 4461 237 4515 ts,
247 4449 444 4519 expavescitur,
454 4447 576 4510 timetur,
589 4447 676 4502 morbi
688 4461 794 4515 quoque
806 4461 858 4500 nnn
875 4445 985 4501 desunt:

197 4542 274 4596 solus
293 4543 385 4595 exitus
397 4539 554 4595 securitatis
569 4549 611 4593 cst
634 4547 740 4607 portus.
763 4538 832 4591 ilinc
848 4546 929 4605 atque
955 4537 987 4590 il·

1040 3336 1220 3419 corposjacct
1235 3337 1384 3396 infirmum,
1401 3337 1427 3388 in
1439 3335 1592 3390 recessibus
1623 3335 1710 3404 utajor
1724 3335 1821 3391 alenda

1041 3436 1082 3481 est
1105 3429 1203 3493 virtus,
1228 3427 1436 3497 parendumque
1456 3430 1528 3495 qnod
1544 3443 1592 3483 uec
1605 3429 1826 3485 lassitudodecrt·

1042 3519 1100 3581 liat,
1117 3527 1164 3573 aut
1176 3528 1241 3574 :etas
1254 3520 1377 3573 inclinet.

1079 3605 1125 3662 tt.
1152 3606 1228 3661 Terre
1257 3609 1351 3677 igitur,
1368 3608 1465 3672 irater,
1485 3619 1545 3664 tenc
1566 3610 1627 3666 lidei
1646 3614 1728 3666 robur
1757 3613 1826 3668 iuri·

1040 3710 1112 3753 ctum
1135 3710 1219 3752 :tene
1234 3701 1375 3754 munimen
1392 3702 1529 3757 immobile
1543 3703 1742 3768 Cbrisliuunut,
1775 3721 1822 3759 stt·

1040 3792 1116 3862 perui
1133 3791 1233 3861 rigoris
1250 3793 1379 3848 firmitate
1391 3793 1532 3849 laudatum
1546 3814 1553 3850 ε
1581 3797 1651 3851 inter
1664 3798 1823 3867 lauguentis

1040 3885 1161 3938 membra
1185 3886 1305 3952 satisque
1329 3887 1456 3954 rigentia,
1488 3888 1626 3942 incolume
1646 3890 1823 3959 validumque

1038 3994 1102 4049 gere
1131 3979 1192 4032 lutei
1219 3980 1371 4046 sniutaeqtte
1396 3989 1515 4040 scotum,
1535 3988 1562 4032 et
1584 3981 1689 4048 pigrum
1726 3983 1824 4040 uicerit

1040 4070 1419 4139 morbumperniciosumque
1437 4071 1608 4139 languorem.
1636 4072 1823 4131 Arietmttbos

1038 4165 1127 4227 malis,
1144 4165 1267 4219 obicibus
1284 4179 1400 4218 occurre
1416 4164 1537 4219 rirtntis.
1554 4165 1637 4220 linco
1655 4167 1717 4220 dnm
1735 4183 1823 4238 rapu·

1039 4259 1090 4323 las,
1102 4258 1142 4312 sic
1157 4260 1228 4311 enim
1244 4256 1362 4328 potentia
1372 4256 1526 4311 Cbristiaua
1540 4258 1822 4327 alitorineommndis,

1041 4350 1119 4405 malis
1131 4361 1306 4417 promouetur
1317 4349 1450 4404 advorsis.
1467 4348 1571 4404 llilitin
1601 4353 1730 4405 conuenit
1743 4352 1821 4407 Cbri·

1040 4443 1139 4498 stinnae
1165 4442 1254 4497 excuti
1282 4441 1483 4495 calamitatibus
1495 4453 1523 4496 et
1537 4443 1655 4508 probari.
1676 4442 1763 4512 ipsius
1780 4458 1823 4500 cst

1039 4533 1091 4589 sub
1121 4532 1367 4587 ittlelicitatibnsct
1391 4532 1523 4599 anqustiis
1547 4532 1661 4587 ieliciter
1683 4534 1820 4601 ampliari,

197 4635 253 4689 linc
267 4634 398 4702 ingruunt
412 4632 577 4686 calamitatis
593 4632 720 4687 incursus
735 4629 859 4685 iulestae:
873 4631 920 4685 sed
938 4647 982 4683 us·
1003 4611 1022 4664 ὓ
1039 4625 1089 4678 snb
1107 4625 1244 4695 pressuris
1267 4622 1433 4688 adolescere,
1447 4635 1472 4677 et
1490 4639 1635 4693 pressuras
1646 4624 1820 4686 nnbesccrulo

196 4721 294 4789 quead
309 4731 429 4788 portum,
445 4721 471 4774 id
484 4729 535 4784 est,
549 4720 582 4772 sd
598 4720 713 4785 exitum,
743 4720 852 4776 uirtutis
870 4728 912 4775 eut
942 4729 982 4773 to·

195 4810 298 4865 lcrare.
310 4809 385 4865 luter
402 4811 522 4880 pericula
542 4811 711 4881 gubernator
730 4826 827 4864 narem
843 4819 937 4864 tuetur
957 4819 984 4865 ct

198 4910 303 4958 serrat.
318 4900 572 4957 lutcrcalumitates
600 4902 707 4956 animus
735 4912 825 4956 rector
845 4902 983 4956 bominem

195 4995 330 5065 gulternstt
344 5004 371 5048 et
387 4994 466 5063 regit.
485 4993 615 5061 Quamvis
632 4995 731 5064 aliquis
746 4995 874 5062 periculis
889 4994 984 5064 patrin-

195 5089 252 5142 lttm
277 5090 446 5156 temperatis,
471 5089 607 5156 navigium
637 5088 779 5143 tractabile
804 5088 904 5142 ducat:
937 5087 983 5141 scd

195 5179 290 5247 potius
303 5179 348 5232 illa
362 5190 548 5248 exspectatur,
564 5190 647 5249 atquc
665 5181 810 5248 trimupbis
836 5182 985 5249 iunioribus

194 5273 331 5340 excipitur
351 5273 439 5336 naris,
458 5289 518 5342 quur
542 5272 651 5327 turbido
681 5273 790 5328 llumiue
819 5284 930 5328 coactos
956 5276 983 5326 iu

196 5366 328 5416 uerticem
359 5361 457 5417 ductus
474 5374 599 5430 potenter
620 5365 749 5419 excussit.
777 5361 852 5417 llanc
884 5362 984 5431 excipit

197 5454 408 5523 profundorum
431 5455 529 5525 gaudio
548 5457 626 5512 turba
647 5457 816 5526 portuensis.
833 5453 910 5510 Hanc
937 5470 984 5510 ex·

195 5549 262 5615 cipit
275 5549 411 5602 securitas
426 5548 610 5617 triutnpbalis.
632 5550 779 5619 speciosus
792 5557 834 5603 est
851 5548 930 5603 miles
956 5548 982 5602 in

195 5639 316 5691 exercitu
328 5640 494 5693 constitutus
507 5654 643 5693 armornm
655 5657 662 5692 t
676 5641 783 5710 squalet
798 5638 983 5694 rerotlclnrmi

196 5731 297 5784 rirtnte
308 5729 398 5798 segnis
413 5741 441 5785 et
457 5747 570 5796 vacuus,
587 5733 633 5801 qui
650 5735 675 5785 iu
692 5747 787 5801 campo
800 5744 850 5785 uec
876 5729 928 5785 sibi
941 5738 984 5783 est

195 5819 332 5888 cognitus,
349 5834 398 5873 uec
415 5820 493 5874 alteri
521 5833 613 5875 notus.
640 5821 721 5878 Curet
747 5821 817 5875 euim
847 5819 982 5880 luttdibus,

195 5923 271 5966 caret
283 5922 310 5966 et
327 5914 455 5980 prtctntis.
473 5912 505 5968 Et
517 5915 577 5969 idco
590 5917 715 5970 trocitum
743 5929 797 5969 non
816 5912 900 5968 tlebet
912 5925 983 5984 ¹esse

1036 4716 1153 4770 edrai-e.
1170 4715 1256 4783 ipsius
1271 4715 1556 4770 estexercitatiouibns
1567 4716 1820 4787 crebrisproprium

1037 4811 1141 4863 nutrire
1151 4811 1298 4871 monimen,
1314 4816 1410 4860 etcum
1424 4807 1552 4874 periculis
1563 4807 1661 4861 babere
1672 4818 1821 4864 certamen.

1036 4900 1124 4968 ipsius
1139 4912 1179 4953 est
1197 4901 1230 4953 ad
1258 4909 1365 4968 portum
1382 4894 1520 4966 perpetus·
1542 4900 1679 4954 felicitatis
1706 4916 1753 4970 per
1777 4902 1821 4954 lu·

1037 4994 1123 5047 tentia
1146 4992 1238 5045 mundi
1271 4990 1430 5043 discrimina
1448 4991 1587 5060 nauigare,
1603 5000 1629 5044 et
1656 4991 1822 5047 subietibns
1897 5064 1900 5068 Α

1036 5085 1184 5154 disciplinae
1210 5082 1389 5148 medicinalis,
1417 5094 1541 5150 potenter
1572 5084 1628 5147 ipsa
1658 5085 1822 5139 tir-cessitate
1892 5070 1902 5093 ²

1037 5194 1159 5244 regnare.
1175 5175 1302 5231 Nostrum
1316 5188 1367 5238 cst,
1380 5177 1501 5243 inquam,
1513 5176 1676 5229 calamitatis
1689 5176 1821 5229 exercitio

1036 5271 1063 5323 iu
1079 5269 1171 5340 gluriae
1187 5268 1321 5337 fastigium
1331 5268 1484 5332 sublimari,
1493 5278 1519 5320 et
1532 5268 1609 5321 malis
1621 5269 1819 5335 prementibus,

1037 5365 1149 5417 inbono
1170 5364 1278 5430 praemia
1311 5363 1475 5429 prontoteti.
1495 5359 1571 5428 Apud
1601 5374 1651 5412 uos
1678 5359 1821 5413 iufirmitas

1037 5455 1077 5510 tel
1095 5454 1222 5523 quudibet
1238 5468 1380 5522 pressura,
1406 5461 1596 5520 argumentum
1614 5459 1656 5504 est
1682 5454 1818 5519 putentis,

1036 5555 1064 5599 et
1079 5557 1164 5597 mater
1184 5558 1233 5612 pro
1245 5553 1319 5596 certo
1334 5543 1459 5611 palrunte
1478 5543 1604 5595 uirtutis:
1625 5541 1705 5594 sicuti
1720 5542 1820 5595 beatis-

1036 5641 1120 5692 s'tmtts
1135 5636 1276 5704 apostolus
1292 5635 1402 5695 Patulus,
1433 5637 1503 5687 iuter
1520 5634 1609 5685 rarms
1628 5633 1699 5687 ictus
1730 5636 1819 5686 ditor·

1036 5741 1121 5795 antte
1137 5726 1248 5779 rerbcru
1261 5733 1287 5777 et
1306 5725 1422 5791 impetos
1440 5724 1609 5791 procellosus
1627 5726 1653 5777 iu
1664 5725 1820 5777 morborum

1037 5820 1130 5889 proelio
1150 5819 1328 5880 eottstituttts,
1345 5826 1373 5870 ιιι
1394 5817 1515 5872 coelcstis
1532 5823 1650 5886 ostriger
1674 5817 1821 5870 iulirutits·

1038 5909 1109 5964 tibus
1127 5919 1234 5976 potens,
1245 5905 1376 5975 gloriatur
1390 5915 1415 5961 ct
1427 5906 1507 5962 dicit:
1524 5905 1705 5961 Libentissime
1729 5909 1823 5976 imque
