4109 6434
208 487 261 555 lbi
660 490 814 556 Rbobbt
846 494 1170 555 deductionem-
1191 497 1389 557 al’l’e'dlttx
1794 490 1853 565 itii

207 621 262 674 qua
281 604 341 672 tibi,
357 620 405 660 seu
425 606 477 662 iliis
493 608 639 676 ridebitur,
653 612 830 677 subsistente,
847 626 929 681 super
946 610 1005 666 sin·
1018 618 1045 678 A
1057 626 1117 667 curu
1152 613 1208 666 suis
1237 615 1380 669 rrumaclris
1408 624 1435 669 et
1462 589 1601 671 iratribus
1615 615 1641 672 iu
1665 614 1724 684 ejus
1742 615 1796 670 rita
1823 616 1850 670 ln

207 701 281 765 pulis
295 698 322 752 in
339 699 434 754 eadem
452 702 544 767 reputa
561 701 592 756 lt.
607 703 764 775 Hieronymi
787 705 933 768 contentis,
950 718 1000 758 au·
1054 706 1191 758 corarnrnui
1216 708 1304 772 quod
1324 721 1368 773 ea,
1383 722 1444 777 quae
1460 705 1619 777 principalia
1639 716 1701 761 sunt
1714 715 1811 765 status,
1824 715 1850 759 et

208 790 337 845 ctoritate
367 790 507 861 predicta,
525 809 574 863 per
596 797 710 859 rossel
737 798 806 853 aiios
828 800 1000 864 dispensare,
1053 795 1116 850 ritas
1141 798 1308 852 monarbalis
1326 796 1527 867 pernrolta,'et
1548 798 1685 868 usquead
1705 796 1850 853 suiobitut

208 888 258 932 aut
271 879 341 933 alias
354 893 451 935 eorum
468 886 621 937 anirnarum
642 885 735 951 saluti,
753 896 832 956 prout
851 888 1002 955 expediens
1055 895 1177 950 ternpore
1194 887 1361 953 observavit,
1374 898 1402 942 et
1420 888 1524 958 aliquos
1540 888 1609 943 alios
1624 888 1774 942 observare
1790 900 1850 940 mo·

207 968 304 1034 luerit,
319 972 463 1027 consulere
477 984 505 1027 et
518 975 600 1029 stiam
617 978 763 1042 providere
777 979 904 1046 valeatis,
921 995 1003 1051 super
1054 977 1126 1041 nuit,
1140 978 1307 1031 rontiurntia
1324 977 1416 1045 Lupus
1441 979 1499 1049 ipse
1523 987 1691 1043 extraxerat,
1716 976 1851 1047 corripiia·

207 1061 307 1128 quibus
325 1062 371 1115 tibi
388 1067 723 1137 etsuecessoribusipsis
740 1069 823 1124 etiam
840 1071 948 1138 plenam
975 1081 1003 1130 et
1054 1079 1186 1132 recubet
1203 1070 1274 1123 urim
1292 1071 1319 1124 in
1337 1085 1421 1125 unum
1447 1086 1553 1140 eorpus
1570 1070 1623 1125 sub
1651 1067 1737 1124 certis
1763 1066 1850 1121 titulis

206 1152 323 1206 {iberam
341 1155 436 1209 bunun
451 1159 521 1211 serie
535 1160 709 1212 concedimus
721 1159 892 1217 lacultatern.

213 1262 219 1267 ·
246 1243 290 1296 ll.
309 1243 488 1300 Decerrrimus
521 1250 633 1318 insrrper
660 1253 823 1307 anctoritate
852 1256 1000 1322 praedicta,

207 1336 280 1401 quod
297 1336 452 1404 hujusmodi
471 1341 565 1407 copula
581 1351 724 1409 postquam
740 1358 789 1412 per
804 1353 830 1399 le
847 1345 945 1399 tradita
976 1355 1004 1400 rt

208 1428 345 1493 publicata
367 1428 459 1495 luerit,
478 1439 508 1484 ut
524 1432 678 1499 prefertur,
696 1437 779 1488 robur·
795 1437 921 1490 obtineat
940 1451 1002 1503 per·

210 1530 299 1586 peture
324 1523 480 1584 tirruitatis,
504 1530 531 1576 ει
554 1524 588 1577 ab
614 1527 758 1591 otrrnibus,
779 1527 826 1596 qui
852 1528 1002 1581 secundum

1056 1164 1211 1223 recluserat,
1227 1163 1276 1217 sub
1292 1161 1392 1227 quihus
1407 1163 1477 1230 ipse,
1504 1172 1530 1216 et
1554 1161 1678 1232 plerique
1692 1159 1738 1215 aiii
1756 1172 1851 1211 uuona-

1055 1257 1110 1315 ciri,
1124 1263 1150 1307 et
1167 1255 1266 1308 iratres
1282 1255 1346 1309 dicti
1359 1255 1464 1308 ordinis
1481 1271 1513 1309 ex
1530 1265 1593 1308 tuuc
1607 1256 1633 1308 iu
1647 1262 1726 1307 autea
1740 1253 1847 1320 degere,

1055 1357 1082 1401 et
1099 1362 1271 1413 persuadere,
1288 1362 1319 1397 ae
1337 1346 1380 1398 illa
1400 1345 1427 1398 in
1448 1347 1569 1415 regulam
1592 1346 1732 1415 suscipere
1749 1357 1849 1412 propo·

1055 1440 1176 1502 nebant,
1199 1450 1227 1491 et
1247 1438 1425 1492 allectabaut.
1441 1437 1496 1492 Nos
1513 1438 1596 1507 igitur
1614 1435 1769 1505 hujusmodi
1785 1450 1849 1504 pro·

1056 1537 1171 1604 positum
1188 1532 1365 1600 condignum,
1376 1542 1401 1585 et
1417 1534 1517 1587 rationi
1539 1547 1688 1586 curisontuu
1706 1543 1850 1583 recensen-

208 1626 269 1663 euru
291 1618 352 1663 rota
375 1626 470 1666 eorum
501 1614 661 1685 principalia
689 1629 785 1684 sponte
810 1618 932 1687 profiteri
955 1635 1004 1674 ro·
1057 1636 1113 1687 tes,
1131 1626 1287 1694 liujumuodi
1314 1627 1464 1693 regolarem
1495 1634 1522 1678 et
1547 1622 1733 1679 ruorruciralcur
1756 1625 1850 1675 obser·

210 1702 325 1765 iruerint,
337 1703 415 1772 iuxta
431 1705 504 1760 illius
520 1708 717 1762 continentiam
731 1718 759 1762 et
773 1712 901 1764 ellectum
916 1711 1003 1765 insto·
1055 1719 1174 1771 narratam
1204 1732 1252 1786 pur
1278 1717 1364 1785 ipsum
1386 1726 1511 1771 sanctum
1536 1715 1732 1784 ilierouymum
1752 1714 1778 1766 iu
1793 1713 1849 1765 rita

209 1795 327 1850 labiliter
350 1799 538 1854 observetur:
556 1815 610 1854 non
639 1801 813 1856 obstantibus
839 1804 1003 1868 praemissis,
1055 1809 1114 1880 ejus
1131 1808 1303 1862 observatam
1321 1807 1417 1861 merito
1433 1807 1578 1861 laudantes
1607 1816 1635 1860 et
1653 1809 1849 1874 approbantes,

210 1903 240 1939 ac
276 1887 526 1945 llorrstitutionibus
549 1893 717 1961 apostolicis,
745 1909 850 1948 necnon
876 1895 1003 1948 orrrnibus
1058 1899 1187 1965 illamque
1213 1897 1239 1949 iu
1269 1897 1314 1950 lici
1334 1895 1454 1950 Ecclesia
1471 1896 1498 1949 in
1517 1894 1640 1948 ordinem
1661 1909 1713 1946 anor
1726 1893 1848 1946 scitalem

210 1982 254 2041 iis,
273 1993 334 2048 111131
361 1981 387 2034 itt
412 1981 494 2037 dictis
514 1983 614 2039 litteris
639 1999 691 2038 nou
720 1985 831 2040 obstare
855 1987 1001 2054 soluimus,
1019 1972 1039 2026 Β
1054 1992 1154 2054 attolli,
1169 1998 1198 2044 et
1214 1990 1357 2043 obseruari
1376 1987 1490 2042 intensis
1506 1978 1661 2041 desiderils
1677 1985 1848 2049 allectantes,

210 2071 371 2141 ceterisque
387 2075 534 2128 contrariis
554 2077 775 2146 quibuscunque.
1053 2081 1141 2135 eidem
1158 2080 1232 2148 larpo
1245 2081 1408 2143 doctrinam,
1418 2089 1446 2132 et
1460 2080 1583 2134 instituta
1595 2079 1764 2132 inonacbalia
1779 2076 1851 2148 rjus·

247 2161 293 2218 li.
307 2164 378 2217 Nulli
393 2179 458 2234 erqo
473 2167 614 2221 bominum
628 2169 709 2223 liceat
724 2171 794 2224 lianc
809 2170 936 2240 pagiuam
950 2186 1000 2225 uo·
1054 2172 1115 2224 dem
1135 2170 1163 2225 S.
1191 2171 1348 2241 Hieronymi
1362 2187 1394 2224 cr
1409 2171 1513 2225 eisdem
1530 2170 1665 2241 epistulis,
1679 2181 1706 2224 et
1723 2169 1850 2223 tractati·

210 2264 274 2308 strae
294 2258 505 2324 constitutionis,
521 2261 626 2324 statuti,
640 2261 800 2325 voluntatis,
824 2273 852 2316 ει
888 2276 1002 2316 sorices·
1054 2259 1116 2320 bus.
1134 2269 1216 2327 prout
1241 2273 1288 2327 per
1310 2259 1398 2328 ipsum
1419 2258 1522 2328 Lupum
1540 2268 1675 2324 extracta,
1691 2260 1849 2328 cuiapilata.

211 2346 298 2399 sionis
323 2347 481 2419 intringere,
500 2351 541 2404 rei
559 2355 582 2405 ei
600 2366 666 2407 ausu
692 2354 838 2408 temerario
852 2352 1000 2407 contraire.
1053 2358 1078 2403 et
1109 2349 1219 2403 reducta
1238 2349 1348 2403 inerant
1366 2347 1426 2404 loco
1446 2349 1546 2419 regule
1559 2347 1588 2403 S.
1608 2349 1752 2422 ‚lugustini
1768 2348 1794 2402 iu
1809 2362 1850 2400 re·

212 2437 239 2491 Si
255 2437 318 2506 quis
336 2450 426 2494 auteur
455 2441 506 2495 boc
528 2451 664 2496 attentare
689 2445 903 2513 praesumpserit,
928 2445 1003 2498 iudi·
1053 2440 1142 2511 grulruu
1168 2441 1355 2495 rrrouacbaiem
1371 2439 1477 2495 ordinis
1502 2443 1697 2496 monaelrorruu
1713 2439 1850 2494 Ereruitu·

211 2539 368 2598 qnatroucnr
393 2532 590 2602 omnipotentis
604 2533 664 2596 liei,
678 2543 705 2589 et
727 2533 869 2589 beatorum
885 2534 956 2590 Petri
976 2548 1003 2589 et
1055 2548 1113 2585 rum
1132 2533 1196 2586 dicti
1214 2533 1244 2587 S.
1263 2533 1432 2604 Hieronymi,
1463 2533 1622 2603 eteiusdem
1641 2535 1670 2585 S.
1683 2533 1766 2588 uitam
1782 2546 1849 2602 prae·

212 2621 287 2673 l'auli
318 2623 507 2689 apostolorum
538 2629 598 2692 ejus
627 2639 659 2679 se
681 2626 789 2678 nouerit
819 2625 999 2680 incursurum.
1055 2624 1139 2678 taram
1171 2624 1199 2677 in
1227 2625 1351 2678 ordinem
1385 2625 1576 2694 lrujoscenrodi
1605 2625 1790 2696 suscipiendi,
1818 2640 1850 2678 ac

213 2709 308 2763 batum
331 2711 423 2767 Romae
440 2717 512 2783 apud
527 2724 640 2770 sanctos
656 2717 807 2785 apostolus,
820 2717 911 2772 idibus
930 2716 1002 2772 idus·
1055 2716 1144 2785 ipsanr
1162 2716 1283 2786 regulam
1310 2717 1376 2771 dicti
1403 2719 1491 2772 sancti
1517 2715 1677 2786 prioribus,
1696 2716 1849 2785 rrrrrraacbis,

211 2805 252 2869 tri,
270 2803 442 2874 pontificatus
456 2809 543 2863 nostri
559 2823 629 2864 atruo
649 2809 819 2864 duodecimo.
1055 2807 1196 2874 iratribus,
1216 2816 1243 2861 et
1272 2807 1398 2876 personis
1413 2808 1549 2877 praedictis
1565 2808 1614 2863 sub
1636 2823 1667 2861 ea
1693 2808 1784 2861 risere
1801 2823 1850 2860 cu·

226 2955 231 2966 ,
266 2956 290 2967 ..
525 2961 528 2974 ‚
913 2960 919 2974 ‚
1055 2902 1204 2971 pieutibus,
1230 2915 1300 2965 quos
1315 2901 1398 2954 etiam
1418 2916 1457 2967 ac⁸
1469 2916 1517 2970 per
1534 2901 1622 2968 ipsum
1649 2898 1752 2967 Lupurn
1794 2912 1851 2954 ost·

211 2954 368 3018 mmm
396 2958 542 3016 mmmm
566 2957 586 3015 Y
613 2959 643 3015 Ρ·
665 2960 702 3021 Μ·
722 2959 833 3020 EUM
852 2959 1000 3017 ALTERA·
1054 3009 1135 3062 quarn
1159 2993 1447 3046 secuttdutueamdem
1468 2994 1589 3060 regulam
1606 3000 1667 3045 rota
1684 3006 1733 3045 sua
1750 2915 1851 3060 peliaci-

245 3069 381 3128 llartinus
409 3077 552 3144 episcopus
579 3091 677 3132 sersus
709 3090 851 3134 serrorum
880 3077 946 3142 liei,
967 3075 1001 3130 ad
1055 3087 1126 3153 palia
1157 3084 1317 3138 muisisseut
1344 3084 1362 3137 ι’
1389 3084 1469 3138 dictae
1481 3088 1581 3154 require
1603 3086 1690 3139 sancti
1704 3082 1850 3154 Augustini
1910 3132 1916 3141 ,

213 3176 369 3235 perpetuam
387 3170 426 3222 rei
444 3169 616 3226 aremoriam.
1054 3173 1229 3227 observantia
1253 3189 1286 3226 es
1313 3184 1375 3227 tunc
1402 3175 1511 3243 penitus
1535 3174 1675 3227 absolutos
1691 3187 1754 3227 esse
1774 3171 1850 3225 rolu-

251 3262 327 3317 titt
348 3263 371 3316 si
390 3278 440 3332 pro
460 3277 620 3319 eurrctorum
640 3263 744 3320 Cirristi
776 3264 894 3318 lidelrum
919 3279 1002 3332 super
1056 3279 1127 3331 ruris,
1145 3273 1172 3319 et
1188 3265 1359 3319 decrevimus
1380 3266 1581 3319 observandam
1598 3264 1722 3317 tradendi
1757 3272 1784 3315 et
1801 3278 1852 3331 pn·

212 3355 312 3423 quibus
335 3370 429 3410 curam
454 3358 624 3425 apostolatus
638 3356 719 3413 cilicii
733 3359 853 3426 gerituus
870 3364 941 3411 statu
960 3324 1039 3410 sa·c
1057 3356 1174 3412 bircandi
1192 3358 1298 3428 plenam
1330 3367 1354 3411 et
1373 3357 1486 3410 liberam
1504 3370 1551 3425 per
1565 3355 1632 3409 alias
1648 3362 1757 3409 nostras
1776 3354 1851 3406 litte-

212 3445 329 3502 lubriter
345 3446 488 3516 diriqendo
517 3458 545 3502 et
560 3449 716 3517 arnpliando
734 3449 852 3502 libenter
875 3450 1004 3502 adtribue·
1057 3465 1113 3514 ras,
1127 3465 1195 3518 quas
1210 3465 1303 3504 earum
1316 3459 1411 3503 tenore
1421 3447 1602 3519 praesentibus
1616 3446 1709 3501 baberi
1722 3445 1851 3500 rolrtmus

213 3551 274 3589 mus
286 3536 476 3595 sollicitudinis
494 3549 592 3593 nostre
606 3550 696 3608 partes
714 3554 721 3592 ;
737 3536 796 3591 illos
810 3551 901 3592 mariun
939 3538 1005 3591 aile-
1058 3558 1106 3612 pro
1118 3543 1267 3611 expressis,
1288 3541 1476 3596 concessimus
1495 3539 1663 3603 laeultatem,
1679 3554 1710 3591 ac
1729 3552 1779 3609 per
1793 3549 1852 3591 eas·

212 3630 346 3687 ctuoslori
370 3629 460 3684 studio
480 3631 669 3699 prosequimur
683 3629 835 3694 ctaartrads,
855 3630 911 3697 qui,
929 3644 1005 3681 ruun-

212 3718 292 3774 dattis
322 3719 436 3790 abjectis
468 3722 626 3788 ilerebrls,
660 3723 686 3776 itt
716 3723 879 3778 bisuntin-aus
906 3722 1003 3791 spiritu

212 3812 310 3866 sedulo
326 3816 455 3866 virtutum
473 3811 587 3868 buriano
603 3812 782 3869 tumulamur.
802 3812 877 3868 [indu
900 3831 930 3866 ea
947 3829 1005 3881 quae

213 3921 263 3973 pro
288 3905 398 3959 illorum
416 3906 467 3959 sub
486 3920 551 3960 vcra
575 3905 713 3976 religionis
728 3906 903 3960 observantia
919 3905 1003 3958 stabi·

213 3998 305 4051 lirudo
322 3997 464 4067 proposio
479 3999 590 4066 provide
608 4013 752 4053 emanasse
768 3999 960 4067 corripuimus,
977 4006 1006 4048 ut

215 4092 294 4144 lirina
324 4091 484 4160 illibataque
521 4102 699 4159 permaneant
716 4091 830 4145 lubenter
855 4091 1006 4162 apostolico

215 4183 367 4239 munimine
390 4184 560 4240 roboramus.

249 4276 279 4338 2.
300 4275 392 4345 nuper
408 4278 544 4346 siquidem
559 4293 608 4347 pro
627 4292 704 4348 parte
722 4278 814 4333 dilecti
830 4278 876 4332 liiii
892 4276 959 4347 Lupi
974 4277 1007 4331 de

215 4366 335 4430 Olrueto,
359 4368 464 4421 ordinis
483 4370 679 4421 urorracltorunt
698 4366 877 4420 Ereruitarum
897 4365 925 4418 S.
947 4362 1008 4416 lile-

217 4463 323 4530 rouprni
352 4462 489 4531 generalis
517 4461 655 4530 praepositi
681 4461 758 4514 nobis
780 4462 916 4528 exposito,
935 4456 1007 4528 quod

214 4549 318 4606 dudum
346 4552 415 4619 ipse,
440 4559 467 4604 et
495 4551 617 4619 plerique
643 4548 687 4603 aiii
714 4548 882 4618 proiessores
903 4549 1007 4602 ordinis

1057 3638 1118 3688 dem
1143 3634 1247 3686 litteras
1264 3633 1411 3699 voluimus,
1424 3633 1495 3702 quod
1513 3640 1658 3700 postquam
1674 3629 1745 3684 idem
1761 3628 1850 3695 inpos

1058 3725 1178 3795 reguiam
1192 3725 1349 3795 hujusmodi
1367 3725 1533 3789 tradidisset,
1547 3724 1721 3794 publicasset,
1737 3734 1766 3774 ut
1783 3735 1850 3789 prar-

1058 3816 1154 3881 lertur,
1169 3831 1201 3869 ει
1219 3826 1282 3871 ιιιιιε
1307 3817 1374 3886 ipse,
1391 3831 1422 3869 ac
1436 3819 1552 3885 priores,
1578 3815 1714 3877 monachi,
1737 3811 1848 3874 iratres,

1057 3923 1089 3964 ac
1114 3920 1236 3975 personae
1260 3907 1383 3975 predicti
1406 3906 1513 3959 ordinis
1535 3904 1682 3958 secundnm
1696 3903 1768 3956 iilam
1785 3913 1848 3954 rota

1057 4017 1104 4055 sua
1123 3998 1280 4069 principalia
1304 3999 1446 4068 religionis
1460 3997 1618 4067 hrrjnsruodi
1631 3996 1772 4058 emittere,
1786 4011 1849 4065 pro·

1058 4095 1141 4160 literi.
1155 4106 1181 4148 et
1198 4095 1290 4152 rivere
1310 4103 1482 4160 tenerentur,
1501 4092 1615 4160 ipsaque
1628 4087 1719 4156 regula
1739 4089 1778 4141 sic
1795 4098 1849 4140 tra·

1059 4187 1114 4240 dita
1139 4196 1167 4238 et
1181 4186 1319 4254 publicata
1351 4182 1433 4239 robur
1460 4181 1565 4236 obtinet
1594 4187 1730 4249 perpetuae
1763 4179 1848 4231 linui·

1059 4278 1132 4334 iulis.

1094 4369 1123 4423 b.
1148 4364 1216 4421 Com
1248 4376 1340 4420 autem
1366 4367 1438 4420 sicut
1458 4362 1577 4421 exhibita
1593 4359 1673 4417 nobis
1688 4374 1773 4429 nuper
1799 4374 1848 4429 pro

1060 4469 1136 4530 parte
1160 4459 1282 4533 ejusdem
1307 4455 1375 4527 erpi
1401 4457 1495 4527 petitio
1519 4454 1688 4518 continebat,
1706 4452 1772 4511 licet
1793 4451 1851 4521 ipso

1059 4552 1231 4624 postmodum
1252 4551 1285 4604 ad
1303 4552 1451 4604 salutarem
1468 4549 1531 4602 dicti
1554 4545 1662 4601 ordinis
1682 4542 1851 4599 monachalis

214 4644 338 4713 ejusdum
350 4643 438 4698 sancti
455 4643 610 4712 llieronpnl
628 4644 680 4698 snb
697 4642 786 4712 regula
803 4643 888 4696 susti
918 4644 1008 4711 brign-
1025 4672 1047 4726 D
1062 4645 1275 4706 iustitutionem,
1291 4644 1405 4712 ejusque
1421 4641 1597 4704 soliditatem,
1608 4647 1636 4694 et
1652 4639 1849 4693 incrementum

214 4739 281 4794 sriui
296 4749 358 4794 tuuc
369 4739 476 4794 virente
491 4739 549 4793 zelo
563 4738 715 4793 devotionis
726 4736 833 4790 arcensi
849 4740 883 4791 ob
902 4734 1007 4805 ιιιιρρειιιΙ

215 4835 280 4886 ritae
310 4833 443 4898 melioris,
461 4833 566 4887 arctius
591 4843 618 4886 et
650 4831 797 4901 perfectius
812 4845 894 4901 quam
916 4829 1008 4902 requie

216 4924 335 4979 dictaret
361 4923 529 4992 huiusmodi,
552 4934 580 4978 et
608 4923 633 4976 in
656 4935 722 4976 uero
744 4931 815 4977 statu
844 4919 1009 4981 nruuaetati,

216 5032 298 5085 quem
314 5018 371 5086 ipsc
386 5026 497 5071 sauctus
510 5015 693 5087 llieronymus
704 5030 767 5070 cum
783 5013 840 5068 suis
866 5012 1009 5066 ntorraclris

215 5119 244 5164 et
262 5107 393 5163 iratribus
410 5111 565 5178 prolessmn
584 5108 680 5173 luisse,
695 5117 723 5162 ει
748 5107 774 5161 ιιι
797 5105 934 5160 communi
959 5104 1008 5158 ob·

215 5214 342 5254 servasse
359 5200 525 5270 perbibetur,
545 5201 646 5261 rivere,
664 5209 692 5253 et
708 5207 737 5253 ιιι
755 5212 855 5252 ιιοιιιειι
874 5197 1009 5266 gerebant

215 5290 341 5357 ejusdem
368 5292 466 5357 salicti,
490 5293 531 5346 sic
546 5292 607 5358 eius
623 5290 715 5354 sitam,
728 5290 868 5359 regulam,
889 5299 914 5343 ει
926 5302 1008 5356 opere

217 5382 412 5437 desiderabant
435 5381 547 5438 imitari.
565 5384 668 5436 idcirco
682 5384 715 5436 ad
733 5382 889 5452 hujusmodi
904 5379 1009 5434 ordinis

217 5473 318 5528 stabile
341 5475 431 5544 potius
456 5474 673 5539 lundamemmu,
692 5489 741 5545 pro
769 5474 942 5529 institutione
964 5487 1008 5526 re·

217 5564 290 5635 pole
306 5568 502 5621 monachorum
517 5568 699 5623 ilremitarum
717 5568 824 5622 ordinis
836 5566 900 5621 dicti
920 5566 1007 5620 sancti

218 5657 376 5729 llierouymi
395 5673 428 5714 ex
450 5661 569 5717 dirersis
585 5660 708 5729 epistolis
737 5669 765 5715 et
783 5661 945 5715 tractatibus
962 5673 1010 5726 per

218 5752 323 5807 dictum
347 5761 471 5808 sanctum
497 5753 692 5825 Hieronymum
705 5753 798 5816 editis,
814 5763 843 5808 et
857 5768 906 5823 per
920 5753 1010 5805 Eccle-

218 5847 291 5899 siam
307 5845 476 5914 approbatis,
494 5846 622 5900 nonnulla
639 5860 731 5900 reram
754 5844 895 5912 religionis
909 5845 1010 5898 doctri·

218 5951 297 6008 nara,
311 5947 450 6011 ritumque
478 5939 679 6007 nrunaetratrur,
696 5952 777 6009 qtram
805 5940 875 5993 idem
899 5953 1010 5995 satietur

1062 4734 1174 4805 provide
1203 4734 1359 4799 intendens,
1390 4729 1532 4802 praelatam
1558 4732 1642 4784 ritum
1669 4728 1735 4782 dicti
1761 4728 1849 4781 sartori

1061 4825 1220 4896 Hieronymi
1246 4825 1434 4880 monachalem
1467 4825 1495 4877 in
1529 4823 1653 4888 ordinem
1683 4818 1850 4891 hujusmodi,

1060 4920 1173 4988 eiusque
1192 4918 1359 4980 doctrinam,
1372 4925 1401 4972 et
1415 4916 1540 4971 instituta
1570 4913 1751 4978 monachalia,
1772 4923 1852 4981 prout

1061 5028 1093 5067 ea
1114 5010 1258 5082 epistolis,
1287 5020 1315 5065 et
1340 5010 1502 5064 tractatibus
1527 5009 1663 5078 praedictis
1685 5021 1734 5077 ρει
1760 5006 1849 5073 ipsum

1062 5105 1166 5175 Lupum
1181 5113 1316 5166 extracta,
1335 5101 1493 5171 corripilata,
1511 5112 1539 5156 et
1551 5102 1662 5156 reducta
1687 5099 1809 5158 luerunt,
1822 5107 1852 5148 ut

1061 5197 1217 5268 praelertur,
1236 5195 1369 5250 dictarum
1401 5194 1553 5248 litterarum
1579 5193 1672 5263 rigore
1693 5190 1753 5244 ioco
1772 5189 1851 5244 dieue

1063 5290 1161 5361 regulae
1175 5287 1262 5342 sandi
1276 5285 1421 5355 Augustini
1437 5287 1465 5340 in
1481 5285 1603 5355 regulam
1621 5283 1726 5337 ordinis
1753 5294 1851 5334 mona-

1061 5384 1175 5438 chorum
1188 5382 1370 5452 Ereruitaruru
1383 5379 1572 5449 assumpserit,
1583 5385 1610 5430 et
1625 5375 1755 5435 erexerit,
1770 5383 1851 5442 atquc

1062 5473 1225 5543 susceperit,
1242 5473 1384 5542 ipsamque
1400 5471 1519 5540 regulam
1533 5468 1681 5539 prioribus,
1698 5467 1851 5523 monacbis.

1062 5569 1193 5622 iratribus
1217 5575 1244 5620 ει
1271 5566 1394 5633 personis
1426 5562 1533 5617 ordinis
1563 5560 1717 5631 ltujusruodi
1745 5560 1797 5614 sub
1821 5574 1853 5612 ea
1932 5607 1936 5612 .

1062 5660 1154 5713 rivere
1170 5657 1346 5725 cupientibus
1366 5656 1443 5724 juxta
1464 5653 1537 5707 lilius
1558 5651 1854 5706 continentiaminrio-

1063 5750 1182 5805 labiliter
1210 5747 1409 5803 observandam
1436 5746 1593 5814 tradiderit,
1617 5744 1806 5815 publicaverit,
1824 5759 1855 5794 ae

1063 5840 1203 5895 obseruari
1222 5840 1385 5904 decreuerit,
1400 5837 1507 5907 ipsique
1532 5837 1807 5906 priores,mmrur.tx'x
1832 5845 1867 5884 es

1064 5935 1167 5992 iratres
1204 5942 1270 5995 tota
1296 5947 1349 5993 sua
1381 5933 1553 6006 principebus
1578 5941 1742 5986 seeundum
1760 5922 1896 5989 remmom
