4109 6434
264 457 291 522 ti
964 453 1178 512 Pttltiii'tto,
1847 447 1880 510 ti

263 573 376 634 ntiarris
391 573 516 652 scriptis
536 569 680 634 collecta.
697 571 796 642 Quam
809 575 913 630 tameo
932 569 1081 636 Classem,
1098 581 1169 625 cuni
1191 565 1222 624 in
1239 562 1320 625 lianc
1337 563 1496 625 maluisset
1518 563 1550 624 in
1566 560 1787 641 superioribus
1804 578 1879 638 per·-

263 687 332 731 care
351 678 481 744 partem,
497 678 528 730 ut
546 686 618 747 quae
636 668 736 744 magis
750 666 788 727 ad
806 665 988 725 inferiorem
1019 662 1166 723 ordinem
1189 658 1401 738 pertinebant,
1422 660 1452 718 in
1482 658 1623 736 proxime
1651 655 1879 736 praecedentem

264 764 407 839 referret,
424 781 488 823 utro
513 764 578 824 lere
602 761 835 823 Commentario
851 762 885 821 in
903 761 1044 820 Psalmos
1062 757 1211 820 absolvit.
1237 755 1343 831 Neque
1368 770 1442 815 vero
1470 755 1538 815 baec
1564 754 1695 832 proprio
1720 752 1883 813 vo'umioc

263 863 367 923 omnia
386 861 641 941 cotripreirervdrt,
666 860 720 922 sed
739 860 938 921 materiarum
950 856 1096 917 ordinem
1112 860 1250 924 secutos,
1265 867 1407 910 seorsum
1426 849 1554 928 quidem
1571 866 1587 910 a
1604 850 1755 924 genuinis
1771 857 1883 925 quarto

263 970 349 1020 tomo
373 960 526 1037 tqristctas
543 966 572 1018 et
593 959 734 1019 breviora
749 955 903 1033 opuscula
920 954 1030 1021 edidit,
1046 947 1297 1014 Commentarios
1316 953 1421 1006 autem
1441 946 1592 1023 septimo,
1609 952 1732 1014 octavo,
1753 952 1782 1004 ct
1801 962 1883 1002 nonu

265 1057 370 1127 tornis
389 1058 505 1117 lectore
520 1062 640 1115 tantum
657 1052 828 1124 admonita,
846 1049 1108 1129 llievonymianis
1132 1043 1313 1107 immiscuit.
1342 1043 1430 1104 Hanc
1450 1042 1608 1104 Victorius
1628 1043 1824 1102 sortitionem
1845 1060 1882 1099 vsa

263 1157 386 1232 integro
405 1161 533 1214 secutus
550 1161 597 1212 est
613 1167 620 1213 τ
636 1154 837 1212 lilartianmus
850 1168 888 1212 er
906 1152 1263 1228 par·ie,C0mmentarios
1277 1159 1434 1232 siquidem
1448 1147 1532 1208 hand
1549 1162 1677 1225 paucos,
1695 1153 1728 1204 ut
1746 1155 1774 1202 et
1792 1162 1884 1201 uriam

263 1262 359 1330 atique
379 1251 506 1310 aiteram
532 1248 724 1326 exaegeticam
751 1248 915 1327 epistolem
936 1250 967 1308 in
986 1248 1164 1327 appendice
1189 1252 1321 1311 secundi
1349 1249 1425 1311 tomi
1463 1244 1603 1324 digessit,
1620 1241 1658 1304 ad
1677 1258 1773 1302 sacrm
1801 1240 1864 1297 Scri

262 1356 363 1426 pluras
378 1344 623 1425 explicationem
651 1342 717 1405 iere
743 1345 973 1418 continentem,
1002 1346 1119 1425 quibus
1134 1345 1213 1406 iocis
1229 1347 1293 1407 veri
1310 1342 1550 1421 llieronpmlaoi
1569 1345 1716 1400 tractatus
1732 1338 1860 1395 deerant
1877 1379 1883 1398 ,

262 1442 471 1524 supposititiis
498 1440 719 1520 supplendam.
751 1441 921 1518 Reliquam
954 1441 1115 1519 ingentem
1145 1441 1358 1520 Epistularum
1391 1456 1481 1518 aeque
1508 1443 1602 1516 atque
1633 1433 1869 1496 Commentario

261 1560 331 1603 rum
348 1550 466 1601 struem
483 1539 515 1598 in
532 1538 610 1598 duas
625 1536 721 1597 veluti
739 1544 842 1615 partes
859 1553 897 1597 ex
914 1537 984 1616 ipso
999 1537 1209 1618 scriptionum
1225 1537 1356 1615 ingenio
1373 1537 1536 1597 distinctas
1566 1533 1677 1610 qtvioto
1693 1530 1757 1589 sive
1774 1530 1885 1587 utinm

262 1635 417 1697 editionis
443 1651 506 1715 suae
533 1641 620 1694 tomo
647 1632 901 1712 comprehendit.
928 1633 1095 1695 Sedenim
1126 1635 1341 1695 Erasmiannm
1371 1633 1533 1712 exemplar
1557 1631 1590 1690 in
1617 1631 1666 1689 iris
1681 1627 1886 1700 descripsisse

262 1736 338 1793 satis
367 1730 488 1802 imbuit,
517 1746 575 1791 nec
593 1746 666 1789 mss.
699 1728 843 1791 codicum
871 1729 1001 1800 auxilio,
1030 1746 1089 1793 nec
1113 1728 1322 1791 litteratorum
1340 1730 1491 1809 jamiodo
1508 1728 1546 1787 ab
1573 1729 1702 1787 Erasmo
1729 1722 1884 1783 feliciori-

262 1829 323 1888 bns
352 1826 490 1888 inventis
519 1841 554 1887 ac
580 1822 708 1904 judiciis
724 1825 834 1886 invem
863 1841 950 1886 suam
969 1841 1047 1886 usus
1070 1827 1335 1904 esl.0puscuinm
1365 1825 1495 1905 quidem
1521 1840 1617 1883 unum
1643 1831 1736 1896 atique
1753 1819 1886 1878 alterum

263 1940 378 1984 novum
406 1921 546 1995 addidit,
578 1920 739 1993 canaan,
770 1920 920 2000 inquam,
947 1921 1175 1998 paenitentiales
1197 1924 1297 2003 juxta
1325 1923 1562 1998 Hieronymum,
1592 1927 1619 1977 et
1648 1917 1886 1994 depositionem

262 2018 507 2098 Ernnpaliorum
536 2016 572 2077 de
606 2016 692 2079 bravi
726 2015 926 2084 Procerbio,·
956 2019 1010 2079 sed
1041 2016 1107 2080 haec
1141 2018 1207 2096 ipsa
1239 2025 1324 2079 notae
1352 2017 1471 2079 intimas
1499 2017 1631 2095 scripta,
1662 2020 1708 2075 tot
1741 2012 1886 2072 vitiorum

263 2115 410 2177 ruvmstris
433 2112 547 2187 obsita,
573 2120 699 2191 tamque
716 2111 825 2173 multis
851 2111 930 2172 locis
959 2120 1119 2192 corrupta,
1135 2131 1171 2176 ac
1189 2132 1285 2176 sensu
1309 2116 1462 2187 carentia,
1477 2120 1512 2174 ut
1529 2114 1572 2174 rei
1592 2109 1751 2172 litter-arim
1781 2107 1881 2179 maris

263 2210 461 2273 ‹onsulnisse
492 2209 590 2271 videri
622 2215 740 2289 posset,
766 2207 792 2268 si
821 2209 860 2268 ab
889 2207 1074 2286 evulgandis
1093 2211 1308 2274 abstinuisset.
1326 2213 1444 2275 Cetera
1476 2211 1579 2283 cecis,
1608 2219 1643 2272 ut
1672 2213 1770 2275 aiunt.
1788 2208 1887 2269 oculis

263 2313 423 2371 Erasmum
450 2315 590 2375 secutus,
611 2313 642 2366 et
669 2304 783 2366 seriem
812 2303 897 2364 iliani
918 2304 1106 2383 tripartitam
1139 2309 1289 2387 religiose
1316 2309 1507 2382 observavit,
1537 2318 1568 2370 et
1601 2306 1686 2387 qnod
1717 2307 1761 2366 rei
1791 2310 1887 2382 caput

265 2414 322 2478 est,
340 2419 493 2467 censuras
508 2401 593 2479 ipsas
617 2398 816 2460 Erasmianas
831 2398 863 2459 in
879 2406 963 2461 tarda
984 2401 1157 2465 litterarum
1178 2405 1259 2480 lucc,
1276 2407 1315 2468 de
1333 2422 1391 2468 suo
1408 2404 1484 2466 nibil
1505 2421 1615 2478 ausus,
1633 2403 1763 2464 totidem
1782 2399 1886 2461 verbis

265 2502 415 2564 retinuit.

305 2639 361 2700 ilis
376 2637 531 2700 medelam
547 2635 708 2704 adbibere.
722 2641 898 2699 nostrorum
924 2655 981 2700 nos
999 2639 1132 2717 partium
1148 2642 1309 2705 duximus.
1327 2644 1429 2720 Atque
1447 2641 1527 2703 adeo
1544 2640 1668 2712 omnia,
1683 2647 1736 2700 aut
1750 2657 1785 2700 en
1803 2649 1888 2702 certo

266 2737 406 2815 scripta,
423 2750 559 2814 quorum
578 2739 680 2795 vetera
698 2750 773 2794 mss.
801 2735 993 2810 exemplaria
1021 2738 1153 2816 reperiri
1175 2748 1358 2818 potuerunt,
1386 2737 1549 2816 exegimus
1574 2740 1611 2799 ad
1642 2755 1751 2798 corum
1782 2738 1887 2808 iidem,

263 2832 446 2912 improbum
466 2831 615 2901 laborem,
633 2830 687 2907 qni
703 2829 830 2889 eederet
847 2830 877 2890 in
896 2832 1025 2892 lectoris
1054 2831 1231 2907 utilitatem,
1251 2850 1343 2914 aequo
1372 2833 1477 2896 animo
1504 2834 1707 2894 sustinentes.
1727 2836 1804 2895 Tum
1824 2834 1888 2895 sio·

265 2930 347 3007 gulis
362 2928 400 2990 ad
418 2929 564 2988 trutinant
583 2924 749 2998 revocatis,
769 2940 841 3003 quai
866 2928 902 2986 nd
922 2924 1002 2988 itanc
1030 2927 1265 2991 instaurandam
1283 2931 1541 3006 Hieronymianm
1569 2930 1683 2991 donrus
1702 2931 1888 3010 supellecti-

265 3026 329 3087 iem
349 3024 525 3087 vreccssnria
545 3031 597 3083 ant
627 3027 806 3100 opportuna
837 3020 1033 3093 viderentur,
1058 3029 1090 3085 et
1104 3042 1175 3104 qum
1189 3043 1295 3101 secus,
1310 3027 1529 3102 expendimus.
1561 3028 1628 3086 Prm
1642 3031 1766 3088 caeteris
1783 3045 1888 3106 operae

266 3126 402 3206 pretium
421 3133 497 3198 erat,
512 3123 594 3184 serve
609 3123 648 3183 de
667 3122 803 3200 singulis
818 3114 1005 3185 sententiam
1023 3148 1032 3187 ε
1052 3131 1146 3206 atque
1161 3126 1243 3191 harre
1255 3146 1407 3208 perquam
1424 3147 1500 3191 sane
1518 3129 1676 3191 difficilem
1693 3132 1886 3209 provinciam

266 3223 421 3302 cepimus,
440 3222 479 3281 do
504 3222 586 3298 stylo
616 3227 646 3281 et
684 3221 842 3294 vrerscneti
868 3220 1035 3299 scriptoris
1054 3223 1185 3301 ingenio
1201 3225 1309 3286 tandiu
1337 3226 1572 3302 investigantes,
1592 3224 1695 3286 donec
1724 3235 1777 3287 aut
1795 3232 1888 3289 certis

265 3318 406 3392 indiciis,
423 3324 475 3378 aut
488 3332 551 3377 non
569 3316 831 3394 improbabilibus
849 3317 1052 3396 conjecturis,
1070 3319 1140 3397 quis
1157 3318 1209 3380 ille
1223 3320 1330 3394 luerit,
1345 3321 1505 3381 detexisse
1524 3322 1580 3381 visi
1598 3339 1717 3382 sumus.
1735 3325 1889 3383 Censores

267 3413 399 3492 proinde
413 3415 443 3473 io
457 3394 581 3489 singula
597 3414 714 3493 scripta
732 3428 829 3475 novas
845 3414 1080 3487 adornavimus,
1096 3414 1212 3494 quibus
1227 3422 1258 3476 el
1275 3415 1352 3477 ratio
1373 3414 1556 3495 scriptionis
1575 3417 1726 3488 redditur,
1741 3427 1771 3475 et
1791 3435 1884 3477 suurn

265 3514 383 3590 cuique
400 3526 482 3589 opus
497 3509 657 3581 tribuitur,
677 3510 817 3589 denique
831 3510 898 3571 sive
911 3509 1032 3572 fraudis
1049 3509 1192 3582 librariae,
1213 3511 1279 3572 sive
1295 3529 1397 3587 casus,
1413 3515 1509 3590 atque
1530 3513 1770 3573 amanuensium
1785 3522 1887 3573 tenre-

267 3609 368 3670 ritatis
388 3606 511 3668 occasio
531 3605 600 3685 ipso
626 3604 822 3682 intelligitur.
845 3608 883 3667 Et
904 3605 1073 3667 maximam
1094 3615 1179 3668 certe
1206 3614 1326 3686 partem
1351 3614 1536 3681 auctorum,
1564 3609 1619 3686 qui
1649 3613 1883 3688 propemodum

266 3706 504 3785 ignorabantur,
521 3704 554 3764 in
569 3712 709 3783 apertam
726 3704 827 3766 lucem
843 3704 1048 3784 protulimus,
1062 3704 1192 3784 proprio
1211 3703 1297 3765 cuitu
1309 3713 1450 3777 ornatos,
1466 3706 1704 3783 effecimusque,
1725 3714 1757 3766 ut
1776 3723 1889 3782 magno

267 3803 465 3880 Hieronymo
480 3801 621 3863 ancillari
635 3802 728 3863 etiam
745 3819 819 3864 cum
837 3803 991 3881 dignitate
1008 3809 1149 3881 possent.
1484 3818 1490 3830 ·

306 3925 367 3988 Sed
386 3933 415 3986 et
428 3923 486 3985 alia
501 3923 712 4002 praestitimus,
730 3939 800 4002 quae
816 3923 853 3985 ad
870 3925 1049 3985 universnm
1064 3923 1387 4000 Hieronyminnorum
1410 3937 1542 4000 operum
1562 3922 1731 4005 editionem
1749 3926 1890 3983 numeris

267 4022 417 4085 omnibus
436 4021 666 4083 absolvendam
698 4027 853 4099 spectant.
878 4021 981 4084 vivam
1004 4021 1038 4082 S.
1051 4022 1237 4097 Hieronymi
1253 4022 1295 4099 (a)
1313 4038 1350 4079 ex
1369 4019 1437 4097 ejus
1456 4019 1611 4097 praecipue
1629 4020 1754 4098 scriptis
1783 4023 1890 4082 novis·

267 4120 346 4207 sime
366 4119 627 4180 conclamavimus
647 4135 653 4178 :
673 4135 733 4197 qua
749 4117 828 4178 nibil
845 4125 893 4179 est
908 4118 946 4179 ad
963 4118 1030 4198 ejus
1044 4118 1185 4197 Operum
1201 4117 1316 4177 seriem
1332 4123 1532 4195 mentemque
1553 4117 1699 4195 penitius
1716 4135 1889 4197 assequen-

268 4218 338 4279 dam
358 4224 609 4279 consentaneum
629 4215 730 4292 magis
746 4231 782 4277 ac
799 4215 1025 4277 necesarium.
1044 4218 1143 4294 dique
1158 4212 1216 4274 lrac
1232 4220 1339 4273 tamen
1354 4211 1458 4284 laude,
1477 4229 1549 4291 quaa
1563 4222 1701 4275 nostram
1717 4232 1891 4294 praecesse·

268 4321 352 4389 runt,
378 4312 537 4375 editiones
553 4310 676 4386 omoes',
702 4319 755 4373 aut
776 4311 912 4374 meliore
937 4319 967 4374 et
984 4313 1118 4374 maxima
1137 4328 1175 4372 cx
1194 4316 1291 4387 parte,
1320 4319 1373 4371 aut
1392 4327 1520 4388 prorsus
1540 4322 1724 4372 carnerunt.
1743 4314 1892 4375 Erasmus

271 4427 385 4488 nempe
406 4416 436 4471 et
450 4407 610 4470 Victorius
623 4424 686 4469 non
703 4413 765 4468 tam
781 4406 884 4469 Vitam
900 4409 931 4469 S.
947 4408 1104 4481 Ductoris,
1119 4423 1214 4488 quam
1231 4407 1455 4486 panegyricam
1472 4407 1686 4469 laudationem
1703 4411 1770 4488 ejus
1788 4409 1883 4470 ador-

269 4518 384 4568 narunt
401 4525 408 4568 :
424 4507 626 4567 iiarlianaius
640 4503 757 4565 nullam
770 4503 810 4565 de
825 4520 882 4566 suo
897 4505 1043 4579 attexuit,
1060 4520 1117 4565 nec
1130 4503 1206 4564 tanti
1225 4503 1336 4563 habuit
1354 4520 1433 4582 quas
1452 4504 1568 4565 laudati
1586 4505 1725 4567 editores
1737 4509 1883 4585 presvit-

268 4609 406 4682 pserant.
426 4600 530 4662 Edidit
543 4600 677 4678 quidem
697 4609 806 4679 postea
826 4599 916 4660 lavia
933 4601 969 4661 de
985 4600 1217 4674 cointllrdme,
1232 4598 1410 4672 Gallicani
1432 4599 1528 4674 vides,
1541 4619 1605 4662 non
1627 4601 1734 4662 Latina
1760 4605 1865 4678 lingua
1884 4624 1892 4670 ;

267 4699 322 4760 sed
340 4715 408 4760 eam
424 4706 455 4759 et
473 4712 618 4758 seorsum
636 4694 789 4775 peculiari
808 4694 903 4769 libro,
916 4713 981 4758 non
999 4695 1131 4758 editioni
1150 4713 1215 4757 suaa
1239 4695 1505 4774 subjungendam,
1524 4703 1552 4757 ci
1570 4697 1696 4776 pietatis
1714 4698 1892 4759 cultoribus

266 4795 380 4872 magis,
396 4791 626 4873 quamcupidis
639 4790 830 4854 eruditionis
844 4790 1029 4853 hominibus
1043 4792 1162 4854 utilem.
1177 4792 1312 4853 Nobisin
1327 4809 1363 4852 ea
1375 4793 1607 4853 conscribenda
1637 4793 1797 4853 histor-iem
1815 4813 1859 4854 ver
1871 4798 1892 4853 i-

269 4894 342 4952 tatis
360 4893 439 4951 mtto
457 4890 617 4969 praecipua
634 4887 693 4950 luit
713 4905 720 4950 :
741 4905 862 4969 perque
878 4905 979 4950 aranos
994 4888 1140 4966 singulos
1157 4903 1317 4966 gestorum
1331 4889 1590 4967 scriptorumque
1607 4891 1639 4948 S.
1660 4890 1757 4948 Patris
1777 4895 1891 4950 scriem

267 4988 306 5048 ud
321 4984 456 5047 sanioris
472 4985 600 5047 critices
612 4984 737 5062 regulas
751 4985 987 5046 contexuimus.
1002 4985 1113 5063 Neque
1131 5002 1207 5046 vero
1222 4988 1331 5064 privati
1350 4984 1490 5046 bominis
1508 4984 1630 5045 erudita
1645 4986 1770 5060 negotia
1785 5005 1892 5049 recan-

267 5085 363 5146 sendn
379 5091 479 5157 erant,
499 5082 555 5143 sed
580 5082 795 5159 insigniorum
821 5081 853 5143 in
878 5082 1032 5158 Ecclesia,
1058 5084 1147 5164 qu'nr
1168 5085 1221 5145 iile
1247 5085 1440 5162 cvrmprimis
1459 5085 1593 5162 gloriam
1615 5085 1716 5160 perid
1742 5089 1894 5164 trnrpovis

186 5251 188 5254 ,
266 5179 430 5253 sustinuit,
447 5195 553 5239 rerum
572 5177 893 5257 disputationumque
913 5181 1066 5241 memoria
1080 5182 1197 5259 sapius
1212 5181 1396 5260 repetenda.
1415 5180 1577 5241 breviores
1604 5181 1683 5241 alias
1703 5180 1799 5255 t'itas,
1817 5186 1891 5241 olon

267 5275 308 5336 ab
328 5273 469 5353 antiquis
493 5271 636 5349 scriptas,
658 5288 795 5351 quorum
825 5280 928 5334 tamen
959 5275 1088 5337 nornine
1105 5278 1302 5357 ignorantur,
1318 5276 1549 5344 subnectimus,
1575 5293 1639 5336 narn
1656 5277 1727 5337 sine
1746 5279 1848 5336 oniam
1864 5281 1889 5334 l-

267 5372 467 5434 revsionibus
482 5370 617 5442 etnotis,
637 5369 838 5449 aliorumque
855 5373 1043 5433 accessione
1064 5374 1316 5454 Opus-culorum,
1336 5388 1407 5449 quas
1422 5388 1461 5432 eo
1481 5370 1665 5450 pertinent,
1694 5382 1723 5432 et
1747 5374 1893 5449 proriam

266 5467 393 5546 pagella
409 5465 574 5527 iudicabit.
594 5467 630 5526 in
648 5465 710 5528 tine
724 5465 915 5528 instruimus
928 5469 1140 5547 Conspectum
1156 5469 1311 5530 universas
1330 5467 1482 5527 editionis
1501 5475 1629 5542 nostrae,
1647 5485 1716 5529 cum
1740 5467 1894 5528 distr-ilm-

251 5572 355 5633 tione
371 5570 594 5648 antiquarum,
611 5573 642 5630 et
655 5568 863 5631 benedictina
895 5579 1140 5649 comparatum:
1167 5570 1259 5650 cujus
1288 5585 1363 5648 ope,
1393 5582 1458 5630 uno
1486 5567 1616 5643 intuitu,
1645 5572 1896 5648 unumquodque

305 5801 344 5872 (a)
363 5800 424 5858 ilaec
445 5800 506 5856 Vita
524 5801 579 5856 visa
598 5809 639 5855 est
662 5801 741 5858 nobis
762 5802 856 5859 melius
874 5802 1055 5877 preponenda
1076 5803 1106 5862 S.
1124 5803 1212 5862 Patris
1239 5819 1352 5877 operum
1368 5813 1442 5863 tomo
1458 5806 1545 5877 primo
1565 5805 1610 5877 qui
1632 5805 1776 5861 vicesimus
1801 5819 1899 5861 sccun-

268 5872 318 5928 tius
332 5884 373 5930 est
393 5882 491 5929 nostrae
506 5869 680 5941 patrologia.

1773 5979 1907 6175 ape
