4109 6434
210 416 263 484 sat

207 546 292 586 urmm
309 542 408 596 corpus
422 527 488 582 estis
500 523 615 590 Christi,
628 523 746 579 Abrabae
761 539 856 581 semen
872 527 949 596 estis,
967 532 1032 590 eth

207 623 265 678 reri
284 620 422 678 haeredes:
441 634 492 673 non
506 631 539 674 et
564 618 665 672 carnali
680 624 793 684 sesninc,
809 620 856 677 sed
888 635 922 677 et
949 622 992 679 di.

207 714 272 770 risa
286 710 466 783 promissione
479 709 609 780 generati.

512 864 625 921 estut
640 863 684 920 tt.

244 1001 254 1035 ι
272 982 337 1036 [tiro
353 989 442 1035 antem
460 977 588 1045 :otiante
606 987 727 1047 {empore
748 977 835 1031 haeres
861 974 992 1045 parvulus

208 1084 260 1137 est,
272 1073 338 1127 niltil
352 1071 441 1127 diflert
457 1085 472 1125 a
487 1084 574 1135 serto,
587 1084 650 1125 cunr
663 1071 699 1125 sit
715 1069 992 1137 dominusonrninmp
1039 1142 1043 1149 Ι

208 1169 256 1219 sed
274 1167 324 1219 suls
340 1165 475 1218 tutoribus
502 1173 529 1218 et
544 1163 681 1216 artcrthus
694 1171 746 1228 est,
760 1175 847 1229 usque
860 1160 894 1214 ad
923 1174 990 1229 prae·

211 1257 314 1309 linitum
336 1262 443 1322 tempus
460 1267 475 1305 a
490 1260 575 1322 patre.
598 1250 691 1316 »Quia
709 1252 878 1305 dominatum
907 1263 995 1321 quon·

210 1350 271 1399 riam
297 1347 470 1412 sacerdotes,
499 1353 526 1397 et
551 1343 686 1412 principes
714 1343 876 1395 exercebant
896 1355 904 1396 ι
927 1355 997 1411 quos

212 1444 317 1489 totores
331 1444 358 1489 et
374 1447 482 1489 actores
497 1433 625 1503 appellat.
640 1433 718 1487 blodo
731 1444 821 1487 autern
841 1447 894 1487 non
910 1433 995 1488 domi·

211 1529 279 1592 nari,
295 1528 341 1580 sed
362 1527 476 1580 formam
503 1526 622 1595 praebere
639 1525 789 1594 jubentur;
814 1527 878 1595 quia
907 1539 997 1580 sacer·

211 1619 302 1673 dotale
325 1614 412 1687 geniis
425 1632 531 1681 suerrus,
543 1627 570 1671 et
585 1618 675 1671 omnia
698 1616 879 1671 eornrnuniter
910 1616 997 1671 habe·

211 1725 270 1764 irtus
286 1709 430 1778 :qomnris
448 1723 496 1777 por
509 1707 570 1761 illos
599 1706 782 1776 percipiamus
802 1714 993 1760 sacramenta.

250 1820 259 1853 ι
279 1800 317 1854 lta
333 1809 360 1855 et
373 1815 421 1854 nos
435 1815 495 1854 curn
507 1813 629 1853 essemus
648 1794 764 1868 parvuli,
780 1798 829 1852 suh
853 1796 996 1852 elementis

212 1893 306 1946 rnundi
334 1907 442 1946 cramus
473 1892 635 1946 servientes.
655 1889 792 1943 r'llierunt
821 1889 946 1945 videlicet
970 1899 1035 1965 etp

214 1994 374 2053 temporum,
390 1999 450 2051 quat
465 1982 571 2037 lucrant
597 1995 690 2035 eorum
706 1979 856 2035 iuhrntitati
871 1995 998 2037 necessa-

213 2074 263 2136 ria,
281 2088 329 2140 pro
344 2073 473 2142 temporis
489 2073 629 2141 qualitate.

250 2163 313 2216 rdt
337 2162 381 2217 uhi
397 2164 469 2217 venit
497 2163 637 2233 plenitudo
671 2163 811 2232 temporis,
831 2162 902 2217 misit
926 2159 998 2216 Deus

212 2252 309 2307 Filium
329 2268 419 2307 suum.
433 2271 442 2305 t
460 2255 600 2323 impletum
612 2253 669 2324 jam
683 2265 742 2308 erat
754 2265 873 2323 ternpus,
889 2251 998 2321 quaudo

213 2345 295 2415 legem
309 2360 356 2415 per
371 2346 466 2400 oratam
477 2346 703 2403 cousuetudinem
714 2360 795 2400 nestro
813 2355 919 2416 poterat
949 2361 998 2399 cn·

213 2436 325 2491 stodire.
772 2494 775 2499 ⁴

251 2513 391 2578 «Factum
406 2540 438 2581 et
463 2525 587 2581 muliere.
606 2544 616 2579 t
635 2526 731 2581 Dicens
759 2526 857 2580 lactum
876 2538 907 2577 err
938 2538 998 2577 ntu·

213 2614 280 2669 llere
294 2630 303 2670 ε
318 2631 411 2670 sctum
437 2617 582 2688 significat,
607 2633 659 2672 non
688 2620 901 2688 corruptionem.
915 2618 1000 2670 liaetc·

214 2723 275 2759 rum
295 2719 324 2760 ut
340 2707 647 2764 nrauilrstcostenderet
663 2719 755 2763 natum
772 2724 804 2764 et
820 2709 935 2777 virgine,
950 2708 997 2766 ait.

214 2811 247 2850 ex
265 2796 376 2851 muliere
392 2812 400 2851 :
416 2811 468 2850 nou
483 2812 531 2868 per
544 2798 695 2854 mulierem.
713 2798 742 2851 itt
755 2811 787 2851 eo
807 2808 898 2851 autem
926 2797 998 2866 quod

215 2888 293 2950 dicit,
323 2902 356 2942 ex
382 2887 505 2952 rrmlierc,
537 2898 672 2943 monstrat
694 2903 749 2942 tren
769 2903 845 2942 tutore
860 2886 940 2940 solito
965 2901 1000 2941 cx

216 2990 349 3034 consentu
362 2981 411 3033 riri
428 2989 455 3033 et
468 2979 589 3044 leminae,
603 2981 649 3035 scd
662 2979 850 3049 perspiritum
862 2989 999 3042 sanetum,

214 3088 247 3126 er
269 3081 354 3126 rttatre
371 3081 473 3124 tantum
489 3073 624 3127 Christum
641 3070 855 3124 incarnationem
883 3070 1000 3125 horninis

215 3164 379 3233 suscepisse.
400 3160 467 3215 llam
495 3162 566 3217 idem
596 3162 744 3230 Apostolus
780 3165 812 3215 ad
843 3161 1001 3216 Corinthios

216 3254 337 3310 scribens
357 3254 415 3310 ait:
434 3253 509 3309 Sicut
528 3255 669 3309 mulieres
692 3255 758 3320 oiro,
782 3255 821 3307 ito
837 3264 861 3308 et
888 3255 929 3308 oir
954 3235 1038 3324 perc

215 3345 352 3400 mulierem
369 3345 394 3416 ll
408 3345 471 3400 Cor.
484 3362 521 3412 st,
535 3347 588 3416 lb).
606 3346 682 3400 drtde
705 3347 777 3401 sicut
805 3345 833 3399 itt
866 3345 1001 3415 principio

216 3441 409 3507 generationis,
434 3439 530 3492 mulier
558 3453 591 3491 cx
624 3440 681 3493 tiro
699 3450 806 3508 sumpta
823 3445 889 3493 cst:
912 3439 947 3492 ita
974 3446 1001 3492 et

218 3531 342 3584 Cirristm
357 3533 506 3585 secundum
519 3545 643 3585 carnemt
661 3547 693 3585 ex
718 3541 805 3586 matre
818 3540 920 3585 tanturn
947 3540 999 3586 est.

218 3620 409 3674 thurrisautem
427 3622 532 3675 residua
560 3624 678 3675 huntana
704 3608 930 3691 generationem
962 3633 1003 3677 cst

218 3727 253 3766 cx
282 3713 415 3779 muliere;
430 3714 578 3767 secundum
603 3712 726 3783 Apostoli
757 3714 929 3781 dictum,sed
954 3729 1003 3784 per

219 3804 370 3866 rrrulierem,
392 3814 420 3857 ut
437 3805 538 3859 clareat
560 3805 699 3874 generatio
724 3804 865 3861 borninum
885 3820 918 3860 er
945 3805 1003 3859 rire

218 3910 268 3965 per
282 3895 421 3951 mulierem
437 3897 537 3952 creari.

258 4008 269 4042 ι
291 3987 464 4043 Έιειιιιιιιιιιι
481 3990 549 4060 lege,
576 3999 605 4045 ut
619 4004 667 4045 eos
694 3989 739 4060 qni
755 3990 805 4045 sub
828 3989 886 4061 lege
912 3999 1003 4056 erant,

220 4084 377 4138 redimeret.
392 4100 400 4132 ι
414 4081 542 4135 Christus
553 4081 603 4135 sub
620 4080 678 4152 lege
690 4080 777 4137 laetus
789 4091 840 4146 est,
861 4089 889 4135 ut
910 4096 1005 4152 pecca·

220 4186 278 4228 tum
294 4174 320 4226 itt
334 4187 418 4227 cartre
432 4172 554 4236 uincens,
566 4171 708 4226 credentes
723 4173 794 4228 inse
812 4188 827 4226 a
852 4172 919 4243 legis
942 4175 1005 4228 ritt-

223 4265 292 4318 culis
307 4263 446 4318 liberaret.
468 4262 526 4332 lpse
550 4273 640 4317 autern
666 4265 795 4333 sublege
817 4267 910 4320 tandiu
941 4266 1003 4331 luit,

222 4360 308 4412 rltttrcc
325 4355 489 4425 baptizatus.
509 4356 571 4411 trevi
588 4354 756 4411 Testamenti
772 4358 901 4426 inciperet
918 4359 1005 4415 Eran-

223 4451 323 4522 gclium
333 4448 495 4520 prredicare.
505 4448 571 4502 ltem
586 4447 610 4502 si
622 4447 742 4517 sublege
754 4446 842 4503 iactos
852 4465 905 4503 nort
920 4459 1004 4517 esset,

222 4543 330 4600 lttdaeos
347 4543 452 4598 saltare
469 4556 521 4596 non
551 4550 655 4611 poterat
670 4557 677 4595 :
692 4553 787 4612 gentes
809 4556 873 4597 reto
900 4554 1006 4613 poterat
1021 4583 1045 4641 n

222 4639 327 4709 positus
336 4636 387 4691 sub
401 4635 460 4706 lege
474 4634 619 4689 redimere.

260 4726 322 4785 «Ut
353 4728 527 4798 scriptionem
556 4726 673 4782 liliorum
704 4726 926 4796 reciperemus.»
947 4727 1006 4786 Non

223 4825 295 4878 enim
309 4836 404 4877 ornnes
419 4814 619 4889 recepissemus
647 4817 832 4890 adoptionem,
859 4823 882 4877 si
918 4823 1007 4880 lactus

221 4916 273 4971 sub
290 4915 349 4985 lege
362 4929 416 4967 non
428 4922 512 4968 essct.

261 5028 270 5057 ι
291 5008 425 5075 eroniam
446 5016 536 5060 autent
548 5005 614 5063 estis
629 5007 677 5062 dlii
691 5006 762 5076 rhet,
781 5010 854 5065 misit
868 5009 939 5067 Deus
952 5012 1007 5082 spi·

223 5106 307 5157 ritum
320 5099 383 5157 Filii
398 5102 439 5156 stri
456 5101 483 5154 in
512 5098 595 5156 corda
616 5111 704 5156 restra
732 5101 904 5167 elarnantcm,
920 5105 1008 5171 Abba,

223 5200 311 5254 pater.
333 5211 342 5245 ι
365 5193 404 5248 Ex
419 5194 472 5248 hoc
491 5208 539 5249 nos
553 5195 650 5262 prohat
679 5194 748 5249 hlios
768 5210 829 5251 esse
860 5197 915 5261 Dei,
937 5213 1008 5268 quu-

223 5287 296 5340 nlam
314 5287 437 5354 spiritum
451 5284 551 5341 Christi
564 5286 728 5354 accepimus.

263 5395 273 5430 ι
289 5374 382 5444 ltaque
395 5377 450 5448 jam
466 5390 518 5430 non
534 5385 574 5431 est
590 5390 695 5444 sert-us,
709 5378 756 5432 sed
777 5379 847 5436 lilius
864 5398 872 5437 a
890 5383 961 5452 qnod
986 5385 1008 5439 si

225 5468 309 5535 silius,
325 5477 352 5521 et
369 5468 455 5523 haeres
468 5481 517 5538 per
533 5466 628 5521 Deum.
643 5484 652 5518 ι
670 5467 740 5533 Quid
756 5473 794 5523 ris
808 5470 904 5525 iterum
915 5488 1010 5528 seruus

223 5580 293 5632 esse,
308 5562 353 5633 qui
369 5563 425 5633 jam
446 5563 517 5618 illius
533 5571 559 5618 et
585 5564 670 5617 barres
700 5578 730 5615 es
745 5563 757 5615 i
771 5562 837 5618 ltem
861 5566 904 5619 hic
922 5567 1010 5620 mani·

225 5658 295 5713 leste
308 5656 437 5721 ostendit,
456 5656 517 5725 quia
531 5665 604 5711 totus
622 5654 736 5726 populos
768 5671 838 5710 uuus
850 5658 920 5712 lilius
931 5673 1010 5713 roca·

228 5758 281 5805 tur.

270 5858 278 5889 r
305 5840 358 5895 Sed
375 5849 437 5896 tune
462 5842 569 5911 quidem
603 5841 758 5912 ignorantes
788 5840 869 5899 iteum
895 5842 937 5899 his
963 5845 1008 5915 qui

677 414 711 476 S.
731 413 956 480 Htshohsht
976 417 1138 481 OPERUM
1158 412 1358 478 hausisse.

1784 405 1840 471 852

1047 537 1144 583 natura
1164 540 1218 582 non
1234 523 1359 591 suntdii,
1374 519 1544 578 serviebatis.
1560 538 1570 572 ι
1588 517 1731 575 convertit
1747 532 1779 575 se
1806 524 1842 575 ao

1046 618 1108 673 illos
1139 617 1226 687 quiex
1246 615 1371 686 gentibus
1399 614 1583 679 crediderant,
1600 624 1628 669 et
1657 613 1749 684 arguit
1769 614 1842 682 illos,

1047 710 1110 781 qnia
1142 710 1200 763 dies
1224 707 1318 774 testes,
1351 715 1379 761 et
1408 713 1530 778 tempora
1559 704 1719 762 ludaeorum
1748 705 1845 762 obser·

1045 815 1110 856 rare
1136 800 1248 866 vellent,
1276 798 1346 855 sicut
1376 807 1456 853 antea
1493 797 1573 854 idolis
1598 798 1736 854 lecerunt.
1771 795 1844 853 Narn

1046 888 1147 945 thdaeis
1160 889 1205 944 isti
1220 888 1279 944 dies
1296 888 1400 945 idcirco
1411 890 1534 945 concessi
1544 895 1620 956 sunt,
1634 903 1669 944 ne
1681 902 1733 944 eos
1748 903 1846 944 aurore

1048 979 1219 1044 festivitatis,
1240 978 1320 1034 idolis
1332 977 1503 1034 exhiberent.

1091 1069 1197 1124 ‹Nttttc
1228 1078 1318 1124 autern
1353 1083 1416 1124 cnm
1450 1067 1632 1137 cognoreritis
1659 1067 1758 1133 ileum,
1789 1067 1846 1124 irno

1050 1162 1150 1232 cogniti
1167 1161 1258 1218 sitisa
1282 1160 1350 1216 [teo.
1369 1179 1379 1213 t
1398 1161 1469 1215 Ante
1488 1160 1687 1229 ignorabamini
1721 1160 1756 1213 ab
1784 1158 1842 1225 illo,

1048 1254 1111 1321 quia
1128 1267 1180 1307 iton
1193 1253 1268 1305 norit
1283 1251 1392 1321 iniquos
1408 1259 1456 1305 :ct
1471 1265 1524 1304 nou
1540 1265 1588 1306 tos
1600 1250 1676 1304 iilum
1688 1248 1843 1321 quaesistis,

1050 1343 1097 1396 scd
1117 1342 1161 1396 iiie
1177 1357 1226 1396 ros
1246 1342 1368 1411 perditos
1384 1339 1538 1409 requisivit.

1089 1428 1257 1497 «Quomodo
1287 1426 1478 1483 convertimini
1511 1428 1609 1481 iterum
1634 1428 1669 1481 ad
1690 1425 1803 1480 intirma
1817 1432 1844 1481 et

1050 1537 1137 1591 egena
1166 1519 1425 1591 elerrtcnta,quihus
1460 1518 1551 1574 denuo
1568 1521 1673 1574 seruire
1702 1518 1841 1573 sultisir

1050 1614 1197 1668 Erideutcr
1212 1612 1333 1669 ostendit
1363 1611 1508 1681 Apostolus
1540 1610 1662 1674 Galatas,
1681 1620 1744 1681 post
1770 1625 1844 1665 aere·

1050 1716 1122 1777 ptam
1140 1705 1219 1761 tidem
1230 1703 1345 1772 Christi,
1357 1705 1391 1760 ad
1405 1704 1539 1759 idolerum
1551 1704 1652 1759 iterum
1668 1703 1776 1758 redisse
1788 1704 1843 1758 eul-

1050 1788 1156 1853 turant.'

1089 1888 1177 1943 rlties
1200 1886 1366 1952 obseruatis,
1392 1894 1420 1942 ct
1448 1900 1566 1952 mettses,
1592 1893 1620 1942 et
1648 1896 1788 1957 tempora,
1817 1897 1842 1943 et

1050 1995 1148 2037 annos.
1167 1999 1176 2033 r
1193 1979 1249 2036 llos
1263 1996 1315 2036 non
1334 1981 1459 2037 similiter
1483 1980 1658 2036 observantes
1675 1996 1751 2036 :non
1771 1983 1842 2038 enisu

1049 2072 1185 2127 littterrdas
1198 2071 1323 2136 colimus,
1334 2087 1383 2126 nec
1394 2071 1452 2126 dies
1468 2072 1561 2133 testes,
1577 2070 1650 2125 sicut
1677 2072 1705 2125 in
1734 2071 1843 2126 luxuria

1049 2175 1077 2218 ct
1094 2162 1192 2232 epotis,
1209 2163 1298 2218 sedin
1315 2161 1473 2217 sinceritate
1485 2175 1580 2230 azyma
1595 2160 1754 2229 epulamur.

1087 2271 1097 2305 ι
1111 2253 1203 2308 Timeo
1213 2252 1323 2309 uelorte
1333 2254 1483 2309 siuecausa
1494 2251 1676 2306 lah'orarerhn
1689 2253 1716 2306 in
1730 2252 1839 2307 robis.»

1049 2344 1120 2401 Nihil
1132 2347 1203 2400 enim
1232 2347 1342 2415 prodest
1364 2341 1537 2400 Christianos
1566 2342 1727 2411 roslaetos,
1746 2346 1772 2400 si
1790 2346 1843 2402 ista

1050 2440 1148 2494 iterum
1169 2439 1331 2493 observetis.
1738 2488 1743 2495 .

1090 2549 1099 2582 ι
1116 2530 1209 2584 Estote
1224 2531 1295 2584 sicut
1309 2545 1369 2599 ego,
1384 2528 1447 2598 quia
1471 2538 1499 2583 et
1512 2541 1563 2598 ego
1586 2527 1657 2581 sicut
1684 2541 1747 2581 ros.
1762 2544 1773 2578 ι
1788 2525 1843 2583 lloc

1050 2631 1101 2686 est,
1121 2621 1193 2689 quod
1214 2621 1294 2686 dicit,
1310 2635 1354 2675 me
1370 2618 1513 2674 imitamini
1524 2616 1666 2688 gentiliter
1685 2619 1840 2674 rirerttem:

1050 2712 1114 2780 quia
1137 2720 1165 2765 ct
1184 2727 1234 2782 ego
1263 2711 1401 2782 gentiliter
1418 2710 1493 2776 viro,
1509 2709 1620 2764 ludrica
1647 2708 1844 2765 observatione

1050 2804 1184 2871 deposita,
1201 2805 1272 2858 sicut
1291 2803 1438 2872 Apostolus
1464 2803 1491 2856 in
1517 2804 1568 2857 hac
1597 2800 1692 2856 cadem
1719 2801 1843 2873 Epistola

1050 2893 1132 2950 Petro
1151 2896 1272 2963 apostolo
1285 2897 1350 2951 dicit
1369 2912 1376 2950 ι
1398 2895 1429 2951 st
1447 2895 1598 2949 traconitis
1623 2891 1750 2957 iudeus,
1783 2911 1845 2966 perr·

1052 2987 1133 3040 tiliter
1145 2987 1220 3052 uiuis,
1236 2988 1365 3056 quomodo
1380 2988 1450 3055 copis
1467 2997 1553 3056 perstet
1574 2986 1724 3056 judoizare
1739 2985 1844 3058 (Celet.

1051 3090 1082 3144 tt,
1100 3077 1170 3148 lili

1090 3169 1239 3237 «Fratres,
1254 3171 1369 3224 obsecro
1386 3170 1454 3238 hos,
1473 3167 1541 3222 nibil
1567 3181 1609 3222 me
1637 3166 1761 3224 laesistis.
1781 3186 1790 3221 ι
1810 3167 1846 3224 th
1869 3168 1871 3173 '

1053 3259 1151 3312 merito
1175 3260 1277 3329 putetis
1302 3272 1346 3313 nte
1371 3256 1588 3324 inimicitiarum,
1616 3265 1644 3310 et
1667 3271 1724 3312 nort
1751 3257 1846 3314 salutis

1054 3359 1152 3405 restrae
1166 3366 1249 3405 causa
1265 3350 1381 3407 moueri.

1093 3463 1102 3495 t
1134 3443 1218 3499 Scitis
1248 3451 1339 3497 autern
1371 3441 1435 3511 quia
1465 3455 1514 3511 per
1537 3440 1727 3496 infirmitatem
1755 3440 1845 3497 earnis

1054 3534 1243 3605 erattgclizari
1269 3533 1347 3589 rubis
1372 3531 1548 3603 iampridem.
1568 3551 1578 3586 ι
1597 3532 1646 3588 llcl
1659 3549 1709 3603 per
1743 3535 1844 3605 passio·

1056 3645 1129 3694 hcm,
1144 3628 1184 3683 rel
1202 3627 1284 3682 etiam
1310 3640 1358 3696 per
1369 3626 1520 3681 naturalem
1552 3626 1747 3682 infirmitatem
1762 3626 1845 3696 :quia

1056 3719 1320 3791 thesaurumgratiae
1348 3719 1376 3773 in
1402 3718 1472 3773 rasis
1493 3717 1624 3774 lictilihus
1651 3716 1794 3788 bajulabat
1805 3714 1846 3787 qli

1056 3816 1169 3881 Contu,
1188 3816 1227 3886 l).

1097 3927 1107 3960 r
1122 3911 1154 3964 Et
1168 3908 1348 3964 tentationem
1367 3913 1485 3961 nestram
1498 3901 1526 3957 in
1538 3916 1621 3958 carue
1630 3916 1692 3959 mea
1705 3917 1762 3958 uon
1774 3917 1844 3973 spre-

1058 4005 1248 4073 ristis,neque
1284 3999 1438 4071 respuistis.
1460 4016 1470 4051 t
1496 3996 1665 4065 increpando
1696 3997 1751 4052 hoc
1777 3999 1844 4064 Apo·

1061 4096 1148 4152 stolus
1167 4095 1247 4160 dicit,
1263 4097 1326 4165 quia
1344 4106 1405 4149 cum
1420 4090 1500 4145 fldem
1523 4087 1624 4145 Christi
1641 4088 1715 4158 apud
1739 4087 1844 4144 Galatas

1058 4188 1231 4260 praedicaret,
1263 4183 1478 4255 persecutionem
1503 4177 1537 4235 ab
1563 4178 1718 4235 incredulis
1742 4177 1843 4234 risibus

1059 4298 1152 4338 eorum
1171 4294 1269 4351 passus
1282 4285 1325 4332 est
1343 4293 1351 4333 ι
1365 4286 1392 4330 ει
1407 4274 1584 4330 nihilominus
1595 4271 1649 4342 ipsi
1663 4272 1844 4326 tentationitt

1059 4362 1843 4444 rar-iisinjuriispermiseruntApostolumsubjacereltstn

1060 4466 1172 4539 grandis
1189 4464 1304 4520 tentatio
1318 4470 1370 4530 est,
1385 4461 1408 4515 si
1424 4460 1466 4514 sir
1480 4466 1592 4515 sanetus
1608 4464 1657 4511 aut
1684 4456 1843 4521 iollrmettrr,

1060 4567 1108 4614 aut
1121 4560 1233 4628 impune
1246 4556 1369 4611 laedatur.
1386 4551 1440 4607 Sed
1455 4550 1517 4604 ideo
1534 4548 1587 4605 ista
1604 4547 1661 4618 pati
1682 4544 1844 4617 permittitur

1060 4667 1075 4707 a
1092 4650 1159 4714 Deo,
1175 4657 1205 4703 ut
1223 4649 1353 4702 r'trttrtem
1379 4658 1427 4715 per
1459 4640 1645 4697 infirmitatem
1661 4638 1807 4709 perficiat:
1820 4646 1844 4688 et

1061 4752 1091 4808 ut
1107 4741 1309 4811 corruptionem
1328 4738 1398 4793 harre
1419 4733 1593 4797 sentientem,
1608 4732 1797 4801 incorruptam
1810 4743 1845 4783 rt·

1062 4842 1127 4897 tant,
1143 4829 1238 4901 majori
1253 4826 1342 4882 studio
1366 4834 1396 4881 et
1420 4837 1513 4879 amore
1538 4822 1710 4892 perquirant.

1100 4941 1109 4976 ι
1129 4920 1182 4976 Sed
1200 4920 1270 4974 sicut
1287 4917 1413 4988 angelum
1442 4913 1489 4969 Dei
1517 4911 1663 4982 excepistis
1678 4926 1735 4967 roe.
1754 4930 1765 4964 ι
1782 4909 1844 4966 Cara

1062 5031 1091 5073 se
1107 5014 1210 5085 angelis
1222 5021 1409 5083 comparatum
1425 5007 1535 5080 gaudet,
1552 5007 1650 5078 probat
1676 5007 1790 5078 angelos
1801 5008 1845 5062 lto·

1061 5109 1179 5165 minibus
1192 5120 1254 5163 esse
1265 5103 1392 5174 majores.

1100 5217 1109 5249 ι
1124 5199 1205 5253 Sicut
1217 5197 1355 5253 Christum
1377 5190 1481 5249 lesum.
1498 5209 1507 5244 r
1522 5189 1581 5246 Nou
1596 5197 1685 5246 sotum
1715 5200 1746 5247 ut
1768 5203 1845 5261 ange-

1060 5294 1126 5348 lunt.

1100 5402 1110 5436 ι
1135 5380 1186 5438 Uhi
1201 5390 1243 5436 est
1256 5395 1320 5453 crgo
1336 5378 1476 5434 beatitudo
1501 5375 1618 5433 restrai
1637 5391 1647 5425 t
1667 5372 1757 5441 Quarta
1778 5387 1846 5429 nune

1062 5477 1149 5531 taliter
1166 5472 1333 5541 suscepistis.

1100 5586 1110 5619 ι
1140 5566 1339 5622 Testimonium
1364 5562 1437 5617 enirn
1456 5559 1587 5631 perhibeo
1615 5557 1696 5614 rolris
1713 5558 1792 5628 :quia
1823 5554 1844 5609 si

1062 5660 1121 5715 lieri
1140 5659 1281 5729 potuisset,
1296 5656 1389 5711 octrlos
1404 5665 1511 5710 vestros
1529 5651 1684 5717 eruissetis,
1702 5662 1730 5707 et
1757 5649 1846 5704 dedis·

1062 5753 1128 5809 sctis
1143 5751 1220 5806 mihi.
1239 5768 1249 5801 ι
1266 5748 1390 5804 Ostendit
1404 5755 1506 5816 quanta
1522 5760 1584 5800 corn
1597 5745 1734 5799 charitate
1748 5743 1848 5797 dilexe-

1064 5846 1130 5911 rint,
1145 5854 1172 5900 et
1189 5839 1365 5912 quomedose
1376 5847 1447 5898 totos
1461 5836 1520 5909 rrius
1533 5835 1666 5894 doctrinae
1676 5830 1846 5891 tradiderint.
