4109 6434
215 476 273 540 alta

691 466 722 528 S.
742 463 968 526 lrtttltbllrrtl
991 462 1154 523 dttsltblt
1175 459 1382 521 tranlrssr.

1792 452 1847 526 296

210 599 282 646 esset
297 585 442 657 asperitas.
461 581 546 636 Filius
568 580 686 635 lrontinis
711 577 801 634 lactus
827 588 879 644 est,
904 588 934 631 ιιι
953 574 1002 632 nos
1016 588 1041 644 Α
1056 593 1114 631 ιυιιι
1130 576 1439 636 laudibusdelcctemur,
1451 573 1495 641 qni
1508 571 1728 637 norraliosquam
1741 571 1792 625 sibi
1806 571 1845 624 sl-

210 680 279 736 lilios
297 678 342 733 Dei
359 675 471 730 laceret.
489 673 555 727 Vide
572 686 637 740 erqo
663 671 685 724 sl
712 685 761 739 pro
787 670 841 724 isto
869 668 999 724 conlundi

209 771 341 828 delicatius
358 766 459 835 aliquid
475 765 620 820 sustinere.
634 760 702 816 Vere
721 762 765 816 illa
779 771 821 816 est
831 761 923 815 aniroa
934 761 996 816 selis

210 873 237 918 ct
246 860 348 931 singolis
358 857 499 928 aequanda,
514 871 574 924 quae
587 872 635 924 pro
648 857 758 909 noritine
769 863 796 907 et
807 868 891 921 opere
900 840 1004 910 Christi

209 960 395 1022 tacitaquanta
410 949 548 1020 pronubis
558 947 603 1002 ille
619 947 760 1012 sustinuit,
779 946 895 1000 voluerit
916 947 1000 1000 susti·

210 1060 285 1100 nere.

245 1136 318 1192 lllll.
348 1135 483 1190 Caeterum
510 1133 611 1202 prande
640 1129 791 1201 periculum
819 1127 999 1195 estiustitiae,

210 1227 269 1295 cius
284 1228 448 1282 erubescere
463 1226 588 1292 cxcrrrplo
603 1224 704 1286 virere,
724 1222 770 1290 qui
785 1230 907 1274 nostram
926 1220 1002 1288 iniu-

211 1321 315 1375 stitiam
332 1335 384 1373 virro
401 1319 509 1372 erubuit
522 1318 668 1371 sustinere.
694 1313 795 1368 lleinde
810 1313 832 1366 si
847 1327 924 1381 acqno
943 1311 1003 1364 arrii·

209 1427 255 1466 nto
274 1426 418 1481 perosinus
445 1409 587 1476 idipsum,
621 1421 676 1476 quo
692 1405 772 1460 nobis
787 1403 847 1472 quis
857 1402 1002 1457 detrahere

210 1503 318 1558 videtur
336 1502 449 1568 injuste,
464 1499 572 1554 laudari
591 1514 640 1552 nos
656 1513 760 1566 ponus,
779 1511 862 1564 quam
877 1494 1000 1549 accusari

210 1596 370 1665 probamur.
395 1592 545 1661 Numquid
577 1590 649 1644 aliud
668 1589 785 1652 iaciunt,
813 1603 875 1641 cuin
891 1602 954 1641 vera
970 1587 1003 1642 de

210 1685 314 1741 sanctis
330 1684 439 1751 dicunt,
455 1682 507 1736 nisi
522 1690 550 1735 ιιι
564 1695 596 1736 ca
612 1680 706 1735 dicant
719 1692 780 1748 quae
791 1677 918 1740 iacimus,
934 1677 1005 1746 jejo-

210 1793 273 1842 nos,
300 1775 482 1841 abstinentes,
512 1773 644 1828 sobrios:
672 1773 719 1841 qui
745 1772 802 1839 jam
822 1770 928 1825 deliciis
946 1784 1002 1823 nun

150 1859 153 1864 ’
210 1869 380 1925 delectamur
403 1875 430 1921 et
457 1867 556 1936 epulis,
585 1866 631 1933 qui
650 1863 761 1919 divitias
789 1863 959 1933 spernimus,
976 1874 1004 1916 ct

210 1963 338 2031 pretiosis
357 1974 411 2014 non
427 1959 577 2029 gloriamur
589 1961 615 2011 in
631 1957 753 2013 vestibus
768 1973 776 2021 ;
794 1957 840 2026 qui
856 1956 917 2010 auri
931 1956 1008 2024 cupi·

211 2054 297 2110 ditate
327 2054 439 2106 nrirrime
465 2051 649 2120 captivamur,
677 2050 799 2118 quinon
829 2048 1006 2117 adipiscimur

210 2155 367 2213 argentum,
383 2148 411 2193 et
425 2154 603 2209 cptraecumque
629 2140 748 2193 lcumena
767 2136 874 2192 varritas
900 2136 1008 2191 ridetur

1056 667 1134 722 miles
1144 667 1267 721 laudant.
1277 665 1333 719 Nos
1346 665 1436 734 potius
1450 664 1561 718 laudent
1577 663 1725 730 propriore,
1738 670 1766 717 et
1780 677 1847 732 apo·

1056 760 1129 826 stoli,
1145 760 1236 814 laudet
1257 761 1284 812 in
1304 756 1451 825 Evangelio
1469 772 1518 810 sno
1537 756 1675 809 Christus.
1701 753 1779 808 Tunc
1793 756 1848 809 cri·

1056 868 1118 907 mus
1129 868 1191 908 vere
1203 851 1308 912 felices.
1322 851 1345 905 si
1358 866 1372 904 a
1384 849 1484 904 talibus
1497 850 1603 903 laudari
1618 851 1690 919 digni
1703 848 1848 904 fuerimus.

1056 944 1185 1000 Omnium
1207 946 1279 998 enim
1303 944 1401 997 horitur
1416 955 1483 996 voce
1508 940 1703 998 laudabimur:
1724 941 1746 995 si
1774 955 1849 1010 quar·

1056 1049 1173 1106 cumque
1189 1036 1320 1090 Dominus
1335 1048 1384 1104 per
1413 1033 1555 1101 apostolos
1585 1033 1628 1088 vel
1644 1033 1792 1103 propbetas
1811 1032 1850 1086 ri-

1057 1129 1140 1184 detur
1155 1129 1329 1198 praecepisse,
1350 1129 1563 1182 servaverimus.

1093 1219 1166 1274 xvi.
1181 1219 1267 1275 Nobis
1285 1219 1369 1289 igitur
1383 1217 1593 1274 detrabentibus
1612 1217 1721 1271 cunctis
1739 1218 1852 1272 etvitu·

1059 1313 1220 1380 perentibus
1235 1311 1384 1374 urrirersls,
1397 1309 1594 1381 simussobrii,
1609 1309 1707 1373 sancti,
1722 1309 1851 1374 buiriilcs,

1058 1409 1087 1452 et
1103 1398 1205 1466 pudici,
1219 1408 1247 1454 et
1263 1399 1347 1453 Deum
1365 1412 1474 1468 semper
1498 1398 1571 1452 dilcli
1588 1401 1670 1453 corde
1683 1413 1850 1466 precernur;

1058 1505 1087 1553 ut
1100 1496 1158 1567 ipse
1172 1513 1279 1566 semper
1295 1498 1321 1551 in
1339 1506 1432 1551 nostra
1454 1509 1545 1552 atterite
1563 1497 1609 1560 sit,
1625 1506 1652 1551 et
1668 1498 1712 1549 lex
1725 1494 1785 1566 ejus
1798 1509 1850 1549 no-

1060 1602 1118 1647 stro
1133 1605 1243 1658 semper
1255 1590 1283 1643 in
1300 1599 1421 1657 pectore,
1439 1598 1468 1641 ut
1487 1589 1624 1658 possimus
1642 1588 1803 1657 prophetica
1817 1585 1853 1641 lo

1059 1685 1104 1754 qui
1118 1699 1182 1738 vitoe
1197 1699 1205 1739 ι
1219 1683 1273 1736 Pro
1283 1700 1312 1736 co
1327 1693 1355 1735 ut
1366 1699 1404 1736 nte
1414 1683 1563 1750 diriperent,
1577 1679 1751 1734 detrahebant
1764 1679 1828 1732 milri
1842 1690 1852 1730 .·

1058 1792 1105 1846 epo
1120 1787 1206 1829 cratem
1224 1777 1333 1829 orabam
1350 1788 1400 1843 pro
1415 1775 1454 1828 eis
1469 1772 1554 1843 (Psoi.
1569 1787 1645 1838 cvttt,
1660 1771 1700 1842 d).
1718 1771 1750 1824 Et
1761 1770 1826 1827 alibi
1843 1786 1852 1826 ι

1062 1868 1210 1923 iiurrriliuoi
1236 1870 1263 1921 in
1283 1867 1386 1936 jejunio
1408 1867 1527 1919 oninium
1548 1881 1643 1929 mearat,
1656 1873 1680 1918 ct
1693 1863 1793 1930 [oetam
1814 1871 1853 1916 est

1059 1959 1124 2012 nrilri
1149 1959 1174 2013 r'rt
1193 1958 1373 2028 opprobriam.
1397 1957 1433 2011 Et
1453 1956 1529 2028 poetri
1554 1959 1738 2010 ccctimcutrtm
1763 1970 1852 2008 nicam

1058 2052 1186 2114 cilicium,
1208 2051 1333 2119 olfactus
1363 2067 1422 2105 sunt
1450 2050 1555 2103 illisio
1578 2047 1735 2119 parabolam
1763 2045 1851 2116 (Psoi.

1060 2157 1152 2205 miv,
1168 2141 1223 2212 ld).
1244 2140 1277 2194 Et
1291 2141 1391 2194 iterum
1411 2155 1417 2194 :
1435 2137 1526 2193 Genua
1551 2155 1609 2191 ritca
1634 2137 1771 2204 infirmato
1789 2145 1853 2189 satit

212 2237 368 2305 eornplccrt,
394 2233 608 2290 contemnimus.
637 2229 734 2285 Nullus
762 2230 808 2285 liic
838 2227 1007 2284 confusionis
1054 2232 1167 2302 ieiunio,
1183 2244 1208 2287 et
1223 2233 1361 2300 iufirnrcta
1379 2242 1417 2284 ert
1433 2248 1494 2284 curo
1511 2246 1567 2283 ritca
1587 2238 1695 2298 propter
1708 2227 1853 2281 cleonaei

210 2340 254 2386 cst
273 2331 369 2395 locus,
397 2330 490 2386 trullus
521 2327 692 2383 verecundia
726 2325 827 2380 aditus.
849 2323 888 2378 llli
921 2323 1007 2392 nangis

211 2423 374 2479 crubescere
386 2421 487 2477 debent
501 2430 582 2490 atque
598 2419 741 2481 conlundi,
755 2416 801 2487 qui
818 2431 850 2474 ea
866 2431 927 2487 quas
940 2431 1007 2472 san·

211 2517 265 2572 ctis
288 2516 448 2586 displicent,
465 2513 673 2582 concupiscunt.

248 2607 320 2665 rttl.
338 2607 510 2662 [inanescant
526 2606 609 2675 igitur
624 2602 739 2667 ebriosi,
752 2615 878 2668 voraces,
895 2600 1006 2669 injusti,

214 2708 350 2771 raptores,
368 2696 497 2762 adulteri,
512 2703 539 2750 et
552 2695 719 2765 quicumque
732 2698 790 2752 suis
808 2697 963 2768 gloriantur
979 2699 1006 2754 in

213 2791 390 2859 nralis,quos
417 2789 548 2857 gebennas
573 2785 644 2857 ignis
675 2797 826 2858 exspectat,
855 2798 883 2845 et
908 2791 1007 2859 quibus

215 2880 350 2951 strpplicia
382 2888 573 2949 praeparantur
603 2887 716 2931 aeterna.
746 2879 890 2936 Facientes
918 2891 1007 2939 autent

215 2971 324 3027 Domini
340 2970 519 3032 voluntalem,
537 2967 666 3022 serviundi
692 2984 744 3022 troo
762 2969 861 3024 debent
879 2989 885 3025 :
906 2971 932 3025 ln
949 2965 1009 3041 qt'ri·

215 3066 268 3122 bus
279 3063 354 3120 nulla
367 3061 541 3118 confusionis
553 3069 616 3115 Stlttl
631 3074 723 3129 opera.
739 3058 853 3129 Oqtrant
867 3063 1007 3134 indignum

215 3167 258 3213 est
274 3165 356 3227 atque
378 3165 586 3225 praeposterum,
604 3161 634 3206 ut
660 3153 728 3223 justi
746 3155 951 3210 confundantur
980 3158 1007 3210 in

1059 2341 1105 2394 eqo
1124 2326 1211 2394 [octus
1228 2343 1287 2379 sunt
1308 2325 1336 2378 in
1360 2325 1529 2393 opprobrium
1554 2323 1608 2377 iliis
1626 2337 1636 2375 .·
1654 2323 1776 2376 uiderunt
1800 2335 1852 2385 nae,

1058 2427 1230 2472 etmoocrttnt
1247 2419 1337 2485 cupita
1361 2435 1421 2471 suo.
1444 2417 1551 2485 drljrcurr
1571 2432 1621 2480 trie,
1642 2414 1755 2468 Domine
1779 2411 1852 2467 Dettt

1058 2524 1131 2562 meus
1144 2507 1228 2574 (Pani.
1241 2522 1318 2574 ertit,
1330 2507 1365 2561 id
1377 2509 1473 2577 seqq).
1487 2505 1569 2560 Vides
1586 2521 1651 2574 erqo
1672 2519 1768 2559 ourrres
1784 2518 1852 2574 pro·

1058 2603 1427 2671 plictasctsanctospropter
1437 2601 1489 2656 linc
1499 2613 1608 2668 semper
1621 2597 1764 2651 borrtiuunr
1783 2598 1851 2652 sub·

1059 2695 1235 2751 saranationes
1251 2692 1454 2764 pertulissc,qul
1466 2691 1629 2746 beorellem
1639 2688 1853 2744 lideliterservi·

1059 2802 1100 2843 re.
1113 2786 1205 2842 llocet
1213 2785 1360 2858 Apostolus
1372 2786 1410 2839 ait
1423 2802 1430 2843 ;
1445 2783 1548 2838 riaetis
1560 2799 1656 2839 termo.
1669 2782 1698 2836 ln
1712 2782 1763 2836 boo
1777 2781 1855 2835 enirn

1059 2873 1228 2946 laboramus,
1241 2892 1268 2936 et
1278 2879 1480 2944 maledicimur,
1493 2877 1539 2947 qui
1569 2891 1709 2945 speramus
1725 2876 1752 2930 in
1766 2872 1855 2931 ocum

1060 2975 1161 3039 tirum,
1177 2974 1222 3044 qui
1239 2982 1280 3029 est
1292 2973 1418 3028 Salvator
1433 2969 1567 3037 omnium,
1582 2969 1702 3024 manime
1716 2966 1851 3022 bdelium.

1095 3067 1178 3123 xvtl.
1195 3069 1265 3134 Quid
1291 3066 1390 3136 plural
1408 3065 1471 3125 nisi.
1494 3072 1523 3118 nt
1546 3077 1619 3131 sepe
1644 3063 1701 3131 jam
1722 3060 1854 3124 diximus,

1061 3177 1170 3218 cursum
1188 3176 1268 3230 ciuem
1285 3160 1312 3214 in
1333 3162 1432 3214 timore
1450 3158 1497 3213 bct
1521 3159 1666 3228 cepimus.
1683 3169 1858 3212 consuntitis·

216 3248 308 3314 lionis,
323 3258 350 3303 ct
369 3255 528 3318 peccatores
554 3245 706 3315 glorientur
731 3246 758 3299 in
777 3246 875 3301 malisl
912 3247 1047 3326 Videatc
1067 3269 1137 3308 rarus.
1153 3252 1246 3307 Simus
1263 3251 1381 3316 caeteris,
1407 3252 1434 3304 in
1452 3266 1546 3305 artiore
1563 3250 1623 3311 bel,
1640 3250 1746 3315 lorroa;
1762 3257 1857 3305 custo·

216 3356 283 3414 ergo
299 3340 391 3394 artinis
409 3337 464 3393 lieo
478 3339 586 3400 devota,
600 3349 634 3390 ne
648 3334 835 3402 insipientium
854 3339 925 3392 risus
937 3354 1008 3407 carta,

216 3443 264 3488 aut
278 3432 425 3487 stultorum
437 3431 580 3485 borninum
598 3427 763 3483 vanissimus
778 3443 871 3483 sermo
888 3430 1009 3483 corilian-

218 3525 274 3592 dat,
292 3533 319 3578 et
333 3538 347 3576 a
359 3538 410 3577 suo
423 3521 561 3592 proposito
577 3519 699 3576 retrahat
718 3536 725 3574 ι
744 3521 771 3575 io
786 3535 840 3589 quo
856 3521 943 3590 caragis
959 3535 1009 3590 per

218 3617 277 3674 dies
289 3616 413 3687 singulos
428 3616 566 3686 prolicere
582 3615 663 3672 debet
676 3617 702 3668 in
727 3614 836 3670 melius.
857 3612 952 3670 llidcat
978 3629 1012 3670 no

218 3709 280 3777 quis
296 3723 311 3762 a
327 3709 423 3764 timore
440 3706 542 3762 Christi
559 3720 589 3762 se
619 3715 742 3773 revocet,
758 3721 793 3761 ne
818 3706 880 3775 quis
902 3707 936 3760 ab
954 3705 1012 3774 ejus

219 3801 366 3858 dilectione
381 3814 411 3855 se
426 3790 551 3864 divellat,
569 3807 681 3870 propter
693 3813 774 3868 quern
797 3813 906 3853 ornnem
921 3798 1011 3854 sacculi

219 3894 333 3965 gloriam
350 3906 533 3964 pompamque
549 3894 727 3963 contempsit,
742 3893 785 3949 cui
813 3893 882 3947 nihil
898 3892 1011 3962 dignum

219 3987 387 4055 poerritcntiae
419 3985 602 4057 comparavit,
631 3999 713 4054 quent
750 3985 911 4055 parentibus
952 3985 1012 4052 dlii,

219 4092 299 4149 quem
315 4079 409 4135 liberis
420 4086 522 4149 patres,
536 4091 620 4148 quent
632 4077 769 4149 coniugiis
784 4077 933 4148 praeierunt
945 4092 1014 4132 con·

221 4181 353 4227 tinentes.
499 4170 502 4175 ’

256 4261 313 4318 XV.
329 4264 440 4320 Crescat
456 4265 483 4318 in
496 4262 577 4318 nobis
588 4261 715 4333 quotidie
730 4277 808 4317 arnor
822 4260 938 4327 Clrristi,
954 4277 1013 4316 cre·

220 4362 279 4408 scat
296 4353 373 4419 biles,
389 4355 453 4425 quia
476 4369 575 4426 magna
590 4370 640 4408 nos
655 4369 704 4422 pro
724 4353 770 4408 bct
797 4368 892 4407 aratore
909 4369 1013 4409 vilerces

220 4457 383 4516 exspectat:
402 4456 506 4502 tarrturn
530 4461 564 4502 ne
586 4448 621 4502 ab
643 4445 703 4515 ejus
718 4444 847 4516 lcultura,
863 4448 906 4501 vel
930 4462 1014 4518 opere

220 4540 306 4597 sentcl
321 4541 417 4595 devota
429 4555 506 4596 urens
519 4555 549 4595 se
564 4541 696 4604 retrabat,
712 4554 746 4595 ne
768 4539 793 4594 cl
807 4539 915 4596 dicatur
932 4558 938 4595 :
954 4540 1013 4595 Hc·

1063 3345 1169 3401 dientes
1182 3361 1215 3400 uc
1229 3345 1291 3414 quis
1307 3346 1333 3400 in
1349 3345 1428 3399 nobis
1446 3342 1550 3412 aliquid
1562 3343 1742 3398 scurrilitatis
1758 3356 1857 3413 repre·

1063 3438 1163 3493 ltendat
1180 3446 1226 3492 arat
1239 3437 1382 3498 verdunis,
1399 3438 1446 3492 scd
1460 3437 1548 3507 magis
1561 3437 1692 3506 quidquid
1709 3445 1752 3491 est
1765 3436 1857 3507 gravi·

1065 3531 1129 3584 tatis
1146 3542 1172 3583 et
1185 3530 1343 3596 tnodcstiae3
1360 3527 1426 3599 quia
1438 3529 1588 3585 Christiani
1610 3530 1667 3582 vita
1682 3528 1812 3584 omatibus
1829 3529 1858 3585 in

1064 3622 1175 3703 speculo
1192 3623 1278 3692 posita
1294 3632 1347 3677 est.
1361 3623 1412 3689 Ωιι
1427 3622 1544 3678 etiamsi
1562 3622 1704 3692 quippiam
1719 3623 1859 3678 titubave-

1065 3717 1110 3782 rit,
1123 3713 1179 3782 ram
1195 3715 1329 3771 cecidisse
1342 3715 1474 3783 jactatur,
1486 3725 1514 3770 et
1525 3714 1643 3784 amplios
1657 3714 1740 3769 ctiam
1758 3715 1860 3771 dicitnr

1063 3823 1145 3877 qrram
1158 3807 1277 3864 videtur.
1289 3805 1381 3862 Simus
1392 3822 1459 3876 ergo
1470 3808 1618 3876 sapientes,
1631 3821 1738 3874 pravos,
1751 3808 1838 3875 quieti
1849 3825 1858 3876 ;

1065 3913 1206 3965 nunquam
1237 3896 1397 3964 vanitatem,
1429 3912 1570 3965 nunquam
1607 3912 1690 3966 opera
1715 3897 1858 3953 bominum

1065 3991 1156 4061 linqua
1174 4001 1268 4049 nostra
1283 3991 1424 4059 loquatur,
1446 3989 1494 4044 scd
1509 3991 1568 4046 sine
1598 3992 1801 4049 intermissione
1818 3995 1859 4050 le-

1065 4098 1124 4154 gem
1150 4086 1196 4139 ber
1217 4086 1303 4139 nostri
1320 4084 1481 4138 meditetur.
1499 4081 1576 4139 Tunc
1601 4086 1622 4138 si
1639 4084 1702 4153 quis
1717 4086 1858 4143 exstiterit

1065 4193 1121 4232 sucu
1136 4178 1234 4232 salutis
1257 4177 1393 4240 innuistis,
1421 4179 1467 4246 qui
1483 4177 1633 4234 subsannet
1646 4186 1673 4232 el
1687 4178 1814 4234 detrabat
1829 4190 1859 4234 el

1065 4270 1211 4326 derideat:
1229 4270 1289 4325 hnc
1305 4285 1360 4324 non
1376 4268 1466 4325 solum
1484 4287 1538 4325 non
1561 4279 1726 4336 rrictuanrus,
1743 4271 1791 4326 sed
1806 4286 1859 4340 po-

1066 4363 1123 4417 tius
1139 4362 1319 4431 gaudeamus.

1100 4454 1197 4511 xtlttt.
1226 4453 1260 4508 Et
1277 4454 1341 4510 bine
1364 4467 1413 4509 nos
1431 4453 1606 4523 aliquatenus
1631 4455 1819 4521 corisolemur,
1835 4459 1860 4513 sl

1066 4560 1220 4602 mereamur
1236 4549 1299 4603 odio
1318 4547 1406 4616 magis
1421 4547 1512 4603 sacculi
1530 4547 1634 4614 vivere,
1647 4563 1728 4617 quarn
1741 4547 1859 4606 Claristi.

220 4638 266 4689 ¹²0⁰
295 4635 434 4688 alverium
457 4641 482 4688 ⁸²
498 4649 596 4701 immi
620 4634 690 4702 dll0d
718 4632 875 4686 charitalem
894 4634 1010 4702 priorem
1027 4627 1221 4694 buarcamur
1233 4654 1343 4709 quoque
1357 4638 1499 4694 ambulare
1512 4639 1670 4694 indecenter
1683 4649 1711 4694 et
1724 4641 1862 4710 inquiete,

221 4728 349 4798 reliquisti
370 4727 466 4800 (alpos.
482 4741 513 4792 tt,
532 4726 571 4797 dl.
601 4725 680 4782 Unde
696 4736 801 4780 certunt
819 4737 872 4793 cst,
888 4742 941 4783 nou
965 4726 1014 4783 lto·

222 4822 342 4875 rtrirrilrus
364 4821 537 4889 placendum,
565 4820 612 4875 sed
641 4819 770 4884 Claristo;
789 4834 839 4875 nec
866 4819 1013 4875 lturrrattant

220 4912 327 4969 laudem
345 4913 431 4983 quaeri
444 4913 555 4977 debere,
568 4914 616 4967 sed
628 4911 760 4966 divinam.
778 4910 848 4978 Quid
861 4911 940 4968 nobis
951 4926 1015 4981 pro-

220 5007 292 5073 dest,
312 5007 334 5061 si
351 5007 389 5061 illi
403 5021 454 5061 nos
478 5007 602 5072 laudent,
622 5005 723 5076 qulbus
739 5006 847 5074 placere
873 5013 1014 5074 peccatum

222 5101 284 5154 esti
309 5097 416 5166 Quidue
433 5099 528 5164 obest,
551 5101 574 5154 si
589 5099 749 5169 vituperent
766 5097 804 5166 lii,
822 5111 941 5169 quornm
960 5110 1015 5151 uon

222 5194 284 5262 plus
312 5193 477 5264 vituperatio
512 5194 637 5261 prodest,
664 5205 746 5260 quarn
770 5190 848 5245 obest
872 5189 1014 5246 laudatio?

222 5284 372 5357 audiamus
403 5282 491 5352 nangis
513 5282 578 5353 qnid
603 5282 650 5338 ille
674 5296 724 5338 ras
753 5280 897 5337 electionis
921 5282 1016 5337 doctor

223 5378 345 5449 gentium
361 5376 446 5442 dicat,
470 5384 498 5431 et
513 5388 568 5445 qiro
593 5389 643 5430 nos
661 5388 695 5429 ne
721 5373 880 5429 bominibus
906 5372 1016 5444 placere

223 5454 368 5532 relicinus,
383 5467 508 5522 hortetur
523 5465 672 5535 exemplo:
689 5461 718 5519 Si
736 5465 897 5530 ionrinibur,
915 5466 1016 5536 inquit,

222 5553 329 5634 placere
340 5560 444 5626 uellem,
461 5559 562 5616 Cicirri
587 5575 679 5616 seruus
700 5575 753 5614 non
770 5574 853 5613 errem
870 5557 974 5630 (Galat.
996 5574 1017 5624 t,

224 5652 282 5731 id).
298 5652 375 5710 Unde
387 5653 452 5707 nulli
466 5652 579 5708 dubium
591 5661 644 5719 est,
657 5667 704 5708 eos
717 5650 829 5707 Christo
843 5652 946 5706 servire
959 5667 1016 5708 nou

224 5760 314 5816 posse,
331 5745 378 5815 qui
395 5745 554 5801 hotuinibus
574 5753 670 5815 optant
698 5743 887 5814 potiusquam
904 5743 1015 5800 Claristo

221 5837 343 5905 placere.
371 5836 501 5895 Contenti
520 5852 586 5909 ergo
615 5838 723 5893 interim
753 5836 840 5891 siruus
857 5835 1016 5894 lrominibus

202 5924 366 6003 dasab'ccrc,
396 5939 508 5992 tantum
534 5942 564 6020 ut
591 5932 703 5994 Cbristo
715 5931 885 6019 [clareamus.
904 5927 1042 6017 liccea-u

1066 4731 1138 4788 sicut
1165 4740 1193 4788 et
1208 4745 1319 4788 sanetus
1343 4730 1486 4800 apostolus
1510 4742 1614 4796 monet,
1633 4731 1754 4792 dicens:
1783 4733 1858 4807 liupo

1066 4835 1155 4882 cutem
1169 4843 1225 4892 ros,
1244 4835 1273 4880 ιιι
1292 4826 1457 4880 subtrahatis
1473 4841 1516 4880 cos
1532 4826 1565 4879 ab
1582 4828 1654 4880 onrni
1668 4827 1752 4894 fratre
1763 4831 1860 4883 ansbu-

1066 4919 1137 4975 icrttc
1148 4918 1310 4983 inordinate,
1323 4927 1348 4972 et
1361 4934 1412 4971 nort
1427 4917 1572 4972 secondom
1584 4919 1766 4985 traditionem,
1776 4937 1860 4990 quum

1067 5020 1221 5080 occeperunt
1236 5026 1253 5064 o
1269 5010 1343 5065 nobis
1358 5008 1400 5080 (lt
1423 5009 1519 5065 Tlrcsr.
1547 5025 1592 5077 ttt,
1618 5011 1657 5081 6).
1675 5010 1743 5066 Curii
1769 5013 1862 5070 baeca

1066 5101 1147 5159 nobis
1162 5102 1253 5158 ontrria
1277 5103 1392 5159 omnino
1409 5113 1503 5158 nostra
1523 5103 1625 5161 virtute
1651 5104 1752 5159 iueriut
1767 5117 1863 5162 custo·

1068 5195 1122 5252 dita
1141 5212 1148 5252 :
1166 5195 1329 5266 quicumque
1341 5196 1480 5266 putaverit
1493 5196 1676 5266 derogandum
1691 5197 1778 5264 nobis,
1794 5216 1861 5269 prc-

1068 5289 1182 5359 plreticas
1200 5289 1286 5345 simus
1307 5290 1454 5345 sententiae
1467 5305 1616 5357 memores,
1628 5306 1676 5361 per
1703 5306 1785 5360 quam
1804 5293 1860 5349 tto·

1069 5379 1162 5435 minus
1181 5380 1223 5435 sui
1244 5379 1364 5435 nominis
1393 5394 1477 5435 causa
1503 5379 1646 5434 tribulatos
1662 5379 1798 5444 bortatur,
1818 5381 1863 5434 di-

1069 5484 1134 5527 csns
1150 5487 1159 5526 a
1177 5469 1212 5524 Ει
1226 5480 1265 5535 ιιι,
1289 5469 1330 5538 fiii
1360 5470 1485 5536 berniciis,
1505 5487 1539 5525 ric
1563 5471 1683 5524 timereris
1698 5485 1753 5538 cos,
1778 5487 1863 5542 nequis

1068 5580 1164 5634 porcas
1176 5580 1192 5618 c
1202 5562 1270 5632 sucis
1283 5578 1387 5626 corum,
1396 5564 1523 5633 quoniam
1535 5563 1697 5618 insanisrrtst
1707 5565 1864 5620 conueniant

1069 5654 1195 5708 adversus
1221 5664 1246 5707 tc
1269 5654 1380 5725 (surr.
1401 5671 1430 5710 ιι
1446 5692 1455 5720 ,
1472 5655 1512 5727 6).
1532 5654 1561 5711 ln
1587 5670 1654 5727 gyro
1679 5666 1708 5710 et
1724 5655 1751 5710 in
1768 5657 1864 5712 melio

1069 5746 1242 5815 scorpionum
1264 5757 1292 5802 tu
1313 5748 1434 5814 liabitas
1460 5748 1544 5804 verba
1561 5763 1655 5805 eorum
1672 5762 1706 5803 ne
1723 5748 1862 5812 timueris.

1069 5847 1098 5893 et
1110 5853 1125 5890 a
1138 5835 1208 5894 lacre
1221 5854 1316 5896 corum
1335 5855 1369 5896 ne
1385 5855 1498 5910 pareas.
1514 5841 1548 5896 Et
1572 5840 1637 5896 alibi
1653 5840 1721 5896 dicit
1737 5858 1745 5896 ι
1761 5843 1863 5896 ductis

1070 5936 1167 6004 artequi
1189 5936 1271 5990 nortis
1298 5935 1444 6005 judiciam,
1470 5937 1566 6006 popule
1590 5951 1673 6003 nicus,
1692 5936 1719 5990 irc
1749 5949 1864 6010 priorum
