4109 6434
207 474 259 536 92¹!

686 469 719 532 S.
739 469 963 531 tttttttout'ttt
986 469 1145 532 orunuu
1165 473 1367 536 ttaurtsst.

1051 368 1067 408 b

1789 468 1836 534 Sol

209 599 289 653 quam
307 582 371 636 illud
388 581 545 650 promittant
559 593 566 633 :
580 576 643 634 inde
659 576 871 682 sitransqressae
886 577 998 638 luerint,
1016 589 1036 640 q
1053 599 1066 631 :r
1086 581 1215 650 nragistro
1232 582 1349 645 dicente,
1373 580 1499 636 omuibus
1512 549 1621 634 ¹bonum
1640 592 1705 634 esse
1728 591 1781 633 aon
1800 578 1837 631 bi·

210 676 413 730 durrrrrationem
428 672 584 739 acqttirunt.

250 767 379 820 ‹ttures
408 765 525 818 familias
551 777 623 818 esse.
644 780 654 814 ι
682 760 783 816 llatres
808 758 925 814 lamilias
947 759 999 815 dici

211 866 332 924 possum,
350 857 430 910 etiam
447 856 584 923 qoaeduos
603 855 704 908 habeut
734 852 775 905 ιιι
801 861 856 904 tres
883 865 1000 905 servos:

212 947 352 1009 hocdicit.
369 961 449 1001 ueer
468 948 519 1001 boe
546 947 655 1000 notuine
686 942 798 997 avaritia
826 940 1000 996 defendatur.

251 1059 260 1091 ι
281 1038 387 1093 Nrrllam
403 1038 575 1092 occasionem
591 1039 657 1100 dare
686 1034 853 1100 summaria,
866 1033 1002 1089 maledicti

214 1132 309 1200 gratio.
330 1150 339 1183 ι
357 1129 384 1184 Sl
412 1131 614 1184 incontinentes
639 1137 704 1184 sunl
723 1146 730 1182 ε
747 1129 838 1182 velue
873 1142 921 1196 per
944 1127 1004 1181 illue

216 1224 311 1294 religio
329 1223 543 1291 blasphemetur.

253 1333 263 1366 c
281 1314 422 1376 lanrlerdm
432 1313 555 1382 quaedam
566 1325 704 1367 conversae
719 1320 784 1365 sunt
796 1316 868 1364 retro
883 1319 943 1377 post
955 1308 1007 1361 Sa-

216 1414 318 1459 tmam.
333 1424 342 1456 ι
360 1405 455 1459 lteddit
472 1419 568 1458 carnsas
584 1419 667 1469 quare
680 1418 725 1455 eas
741 1403 843 1456 iurabere
861 1403 1007 1473 relleprae·

217 1498 326 1560 dixerit,
342 1511 375 1550 ne
391 1512 451 1550 errrn
478 1505 632 1561 putaremus
659 1502 752 1561 optare
772 1493 856 1562 :quia
883 1496 1005 1563 quaedant

218 1590 379 1655 promissum
396 1589 563 1657 propositum
577 1585 631 1640 lieo
654 1599 705 1639 ιιοιι
736 1585 889 1650 reddentes,
901 1585 1009 1642 lucrant

221 1682 373 1735 loruicatae.

257 1794 266 1825 ι
287 1773 387 1842 Siquis
403 1772 490 1827 hdclis
505 1773 587 1826 habet
599 1771 706 1836 viduas.
721 1771 913 1828 subministret
942 1771 1007 1837 illis,

220 1874 249 1917 ut
280 1879 334 1916 non
364 1875 490 1934 gravetur
514 1863 645 1918 Ecclesia.
662 1861 711 1917 ιΙιι
734 1864 815 1918 doura
832 1862 952 1933 propria,
979 1869 1010 1917 ut

221 1956 392 2025 parentibus.

262 2045 321 2102 «Ut
334 2046 376 2100 his
390 2060 451 2115 quae
471 2059 532 2098 rere
557 2044 644 2098 riduae
668 2053 741 2112 suot,
763 2042 888 2099 sufficiat.
908 2059 918 2093 ι
946 2041 1012 2108 Quae

223 2147 287 2194 sunt
306 2137 427 2191 onmium
441 2137 543 2188 auricilla
557 2135 695 2190 desolatae.

262 2251 271 2282 c
292 2230 343 2296 Qui
365 2228 435 2283 bene
461 2237 581 2298 prosunt
611 2225 796 2298 presbyteri.»
824 2223 876 2292 Qui
899 2223 1014 2294 impleut

224 2320 340 2375 ottanum
356 2334 446 2375 suunt.

262 2434 270 2464 ι
294 2413 396 2481 Duplici
416 2409 607 2480 bonamdigni
623 2411 786 2466 habeantur.
802 2427 812 2463 ι
831 2409 865 2464 Ει
879 2407 973 2472 cilicii,
986 2416 1015 2462 et

226 2506 369 2561 doctrinae.

265 2598 406 2653 «Maximo
422 2596 468 2666 qui
492 2598 617 2652 laborant
633 2597 659 2650 in
680 2595 764 2649 verbo
793 2603 821 2649 et
848 2593 983 2648 doctrina.
1003 2609 1012 2641 ι

226 2689 511 2756 Nuudiaitamnium,
539 2689 586 2757 qni
614 2689 715 2743 habent
742 2687 865 2754 terbum,
896 2687 943 2739 sed
970 2683 1017 2753 qui

228 2784 352 2836 laturraut
366 2784 392 2834 io
407 2784 502 2836 rerba.
514 2780 649 2836 Caeterum
664 2793 760 2834 ornnes
786 2778 919 2833 babentes
949 2790 1019 2845 prae·

228 2875 294 2940 cipu
310 2873 449 2926 ordinare.

269 2983 277 3011 ι
295 2965 364 3017 llicit
378 2966 448 3016 euim
468 2963 609 3031 Scriptura
628 2979 634 3014 ι
651 2957 709 3014 Non
721 2956 871 3014 lrdreuabis
893 2970 941 3011 eos
957 2954 1018 3010 bovi

230 3052 368 3107 trituranti
387 3067 397 3121 ;
420 3063 485 3118 ret,
506 3071 516 3104 c
534 3051 637 3121 Dignus
663 3057 704 3140 est
730 3047 871 3117 operarius
894 3045 1020 3101 mercede

231 3161 292 3199 sna.
311 3163 320 3195 ι
341 3143 404 3199 Vult
433 3143 470 3197 illi
497 3153 627 3213 praestare
660 3140 818 3204 carnalia,a
844 3137 945 3207 qulbus
974 3135 1020 3190 alil

232 3253 263 3305 sp
276 3235 380 3289 ritualia
395 3245 598 3304 coraseqouutur
610 3249 619 3296 ς
630 3233 694 3303 quia
706 3231 830 3300 occupati
844 3219 870 3285 in
885 3229 1020 3292 doctriua,

234 3327 386 3382 necessaria
400 3326 451 3382 sibi
466 3327 608 3396 providere
627 3340 681 3380 noo
702 3332 826 3394 possunt.

271 3439 280 3471 ι
302 3422 437 3475 Adversus
453 3423 640 3489 presbyterum
655 3420 858 3472 accusationem
875 3412 931 3467 nali
953 3411 1022 3466 reci-

234 3527 308 3580 pcre,
321 3512 440 3566 nisi'snb
453 3510 560 3565 duobus
591 3519 637 3563 aut
661 3508 748 3563 tribus
781 3504 904 3560 testibus.
923 3523 933 3556 ι
951 3501 1023 3573 lulu-

235 3617 309 3657 stmn
322 3613 364 3658 est
380 3604 463 3657 etiam
489 3603 620 3656 adsersus
646 3600 743 3654 laicum
764 3595 962 3654 accusationem
981 3607 1025 3648 re·

234 3696 338 3765 cipere,
359 3711 420 3749 cum
451 3696 503 3749 Ιιοι
529 3709 579 3748 nec
608 3693 752 3748 saeculares
778 3690 900 3744 iaciant:
924 3694 1025 3758 quanto

236 3790 323 3857 magis
340 3789 469 3843 adversus
493 3784 599 3841 oaurtut
629 3785 798 3840 sacerdotem
824 3781 831 3835 l

274 3901 283 3932 ι
303 3881 448 3934 l'eccautes
462 3877 694 3933 carantomnibns
720 3890 812 3945 argue.
834 3891 843 3925 ι
863 3870 892 3926 st
910 3870 942 3925 de
974 3867 1026 3923 illis

238 3970 318 4025 luerit
332 3971 549 4038 corrrprobatum.

277 4082 285 4114 ι
302 4063 336 4118 Ut
350 4063 441 4116 caeteri
460 4064 585 4116 torrorem
600 4059 729 4114 babeant.
748 4074 757 4109 ι
776 4054 906 4109 videntes
929 4060 955 4104 te
980 4065 1027 4104 nc·

240 4155 305 4209 mitri
326 4153 492 4223 pepercisse.

250 4306 253 4313 ,
278 4248 403 4300 «testor
421 4261 512 4301 coram
531 4244 596 4312 beo,
611 4254 638 4298 et
654 4242 764 4299 Christo
783 4239 859 4304 lesu,
880 4247 907 4294 et
935 4234 1029 4292 electis

241 4338 346 4408 angelis
360 4338 429 4406 ejus,
446 4348 475 4390 ut
491 4339 547 4390 lraec
569 4336 707 4390 custodias
735 4335 793 4386 sine
828 4331 995 4400 praejudicto.
1016 4345 1025 4381 ι

243 4430 398 4485 obtestatur
423 4431 497 4484 illum
521 4429 611 4482 diviua
641 4437 670 4481 et
700 4425 803 4479 cmlesti
830 4421 1028 4482 testilicatiune,

244 4532 274 4578 ut
292 4522 411 4578 nulluilli
427 4537 470 4576 res
496 4519 652 4591 praejudicet
678 4519 711 4572 acl
729 4519 779 4571 ista
805 4512 952 4575 servanda.
979 4525 1030 4565 nce

243 4616 431 4686 anchangeli,
446 4616 492 4686 qui
519 4615 604 4670 sacris
616 4612 747 4668 assistunt
765 4607 907 4662 aturribus.

283 4726 291 4760 c
310 4707 381 4762 Nihil
395 4709 498 4762 iaciens
513 4708 541 4762 in
558 4707 669 4760 alteram
689 4713 793 4772 partem
818 4697 992 4754 declinando.
1010 4712 1020 4745 ι

244 4797 337 4871 Neque
357 4803 383 4855 iu
396 4801 547 4866 dexteram,
563 4813 650 4867 neque
668 4798 694 4850 in
712 4795 862 4850 sinistrant.

282 4912 293 4946 ι
320 4893 481 4949 blunrrseito
511 4891 611 4945 neodni
638 4887 812 4956 imposueris.
839 4881 923 4938 rttid
949 4879 1030 4934 talem

246 4983 393 5049 interieris,
408 4985 513 5053 qmrlem
527 4984 593 5036 diti.

285 5097 293 5129 ι
314 5078 403 5147 Neque
420 5076 664 5131 coorrnmricateris
675 5069 795 5142 pcccatis
807 5065 912 5120 alienis.
929 5061 1033 5117 ›corrr-

247 5170 388 5223 mnuicare
406 5183 469 5222 com
496 5168 563 5222 dicit
594 5167 723 5235 peccatis,
745 5163 790 5233 qui
821 5173 874 5212 aron
903 5158 1033 5228 probatus

247 5260 329 5315 hrcrit
349 5262 500 5315 ordinatus,

287 5372 296 5402 c
319 5353 445 5421 'seipsum
459 5361 563 5405 castum
580 5349 697 5404 custodi.
716 5367 725 5400 ι
742 5344 800 5399 Non
815 5344 882 5400 alios
897 5343 1036 5398 custodire

248 5446 382 5516 praecipit,
400 5454 428 5498 ot
459 5445 543 5512 possit
572 5443 705 5496 audenter
732 5452 847 5511 arguere
874 5438 1036 5506 delinquen-

249 5549 299 5594 tas.

288 5630 375 5685 «Noli
402 5634 489 5686 adhuc
512 5644 610 5701 aquam
638 5627 739 5690 othere.
764 5624 811 5679 scd
840 5623 947 5677 modico
975 5621 1036 5676 virro

252 5737 339 5786 arture.
356 5734 465 5795 propter
478 5723 649 5779 stomachum
663 5729 749 5786 tuom,
763 5727 791 5772 et
806 5716 963 5786 trequentes
975 5723 1038 5768 tuas

251 5815 435 5870 lrrhrmitates.
455 5833 464 5866 ι
483 5812 522 5868 h'e
534 5822 644 5882 putaret
658 5810 741 5865 etiarn
753 5805 926 5864 abstinentiae
940 5818 970 5860 se
983 5802 1038 5860 lor-

247 5921 322 5962 mam
338 5905 452 5962 murrata
476 5907 540 5964 darc
562 5905 657 5962 debere
673 5920 680 5958 ι
697 5904 814 5959 cortinae
837 5914 898 5956 cum
920 5897 1036 5953 audierit

1046 4637 1068 4690 l)
1082 4643 1156 4705 guel.

1054 675 1118 727 here
1146 675 1249 727 vintrau.
1271 673 1320 726 liat
1342 687 1408 744 crgo
1424 673 1449 727 ei
1470 671 1627 731 consilium,
1655 680 1687 723 ut
1710 669 1771 738 plus
1794 670 1837 723 do·

1052 769 1148 819 ctriuae
1162 780 1284 832 causam,
1301 781 1381 835 quam
1407 765 1582 838 abstinentiae
1598 772 1682 817 curet
1701 773 1753 816 :et
1766 762 1839 817 simol

1053 859 1172 912 odeardis
1199 874 1268 928 quas
1295 845 1471 913 ir'rurmitates
1493 866 1689 912 creaturarum
1712 855 1840 910 uaedieiua

1054 950 1140 1019 possit
1156 965 1266 1004 sanare.

1093 1061 1102 1092 ι
1124 1039 1309 1106 Quorumdam
1328 1040 1466 1094 hominum
1483 1047 1594 1109 peccata
1610 1035 1762 1092 marriiesta
1775 1046 1840 1101 sust,

1056 1134 1234 1203 praecedentia
1268 1133 1301 1186 ad
1328 1132 1473 1202 judicium.
1493 1148 1504 1185 ι
1527 1131 1634 1185 lietecti
1662 1131 1842 1183 excommoni-

1056 1235 1174 1282 cantur:
1188 1227 1245 1280 sire
1263 1224 1351 1295 plagis
1367 1225 1546 1292 praesenl'tlrtts
1564 1222 1747 1278 damnantur.

1095 1336 1105 1369 c
1122 1315 1306 1381 Quorumdam
1323 1324 1413 1369 autem
1428 1315 1701 1382 etsulrseqrruntor.r
1716 1309 1745 1364 lu
1761 1310 1844 1364 lotura

1056 1410 1159 1480 judicio
1177 1426 1184 1466 :
1199 1410 1256 1464 sive
1274 1409 1317 1465 bie
1337 1410 1381 1464 diu
1398 1409 1482 1464 latere
1499 1424 1551 1463 ιιοιι
1570 1415 1702 1477 possunt.
1716 1403 1775 1461 b'oo
1788 1418 1845 1473 erge

1060 1503 1156 1557 debent
1172 1502 1252 1556 larclle
1268 1501 1398 1555 ordinari.

1096 1610 1105 1642 ι
1125 1590 1255 1645 Similiter
1266 1601 1292 1645 et
1311 1589 1383 1644 lacta
1404 1590 1473 1643 lrona
1487 1587 1642 1643 manifesta
1658 1595 1735 1648 suut,
1751 1595 1779 1639 et
1795 1598 1847 1651 qua

1013 1713 1016 1718 -
1059 1684 1139 1738 aliter
1155 1699 1184 1737 se
1198 1683 1309 1745 habent,
1321 1682 1452 1738 abscondl
1467 1697 1518 1734 non
1534 1690 1662 1749 possunt.
1680 1697 1688 1728 ι
1709 1675 1775 1730 Non
1787 1676 1848 1728 eoi·

1060 1789 1145 1848 potest
1167 1778 1293 1833 abscondi
1306 1780 1398 1832 ciuitas
1413 1767 1620 1844 capremontem
1639 1773 1731 1840 posita
1749 1770 1848 1839 (Metti.

1062 1887 1089 1931 v,
1103 1868 1146 1938 ll)
1165 1870 1234 1923 :sed
1251 1869 1331 1923 etiam
1347 1882 1408 1937 quse
1422 1868 1456 1921 ad
1479 1877 1586 1933 tempus
1607 1863 1709 1927 latent.
1725 1876 1780 1916 non
1795 1872 1848 1929 pot·

1027 1953 1127 2016 Bsuot
1142 1960 1245 2016 diutius
1264 1958 1408 2014 occultari.

1361 2117 1476 2175 CAPUT
1508 2115 1553 2170 tt.

1103 2257 1112 2289 ι
1134 2236 1296 2304 Quicunque
1317 2243 1381 2289 smn
1395 2233 1447 2288 sub
1466 2233 1532 2302 jrrqo
1547 2227 1633 2292 servi,
1648 2224 1781 2280 dominos
1796 2237 1853 2276 snas

1065 2328 1139 2384 omni
1154 2329 1257 2384 bonore
1271 2329 1368 2396 dignos
1386 2325 1569 2406 arbitrentur.
1589 2341 1599 2373 r
1614 2319 1676 2373 Non
1702 2318 1794 2373 solum
1812 2315 1855 2369 bo

1067 2435 1126 2483 nos.
1140 2421 1187 2475 scd
1203 2421 1284 2474 etiam
1306 2416 1437 2472 iutldeles.

1105 2533 1114 2567 c
1136 2511 1174 2566 Ne
1192 2526 1290 2566 norucn
1307 2509 1413 2563 bomini
1426 2517 1454 2562 et
1469 2504 1592 2561 doctrina
1605 2502 1826 2570 blasphemetur.
1843 2517 1853 2550 r

1067 2605 1107 2660 Ne
1137 2604 1281 2657 rideantur
1308 2616 1355 2671 per
1382 2599 1541 2669 religionem
1567 2599 1594 2651 iu
1622 2595 1751 2649 deterius
1774 2590 1858 2659 proto

1068 2700 1149 2756 cisse.

1108 2810 1117 2841 ι
1139 2789 1189 2856 Qui
1205 2797 1294 2842 autem
1319 2785 1411 2840 lldeles
1431 2781 1533 2837 babent
1558 2779 1700 2841 (laurinus,
1717 2793 1775 2833 nou
1798 2791 1859 2832 eoa·

1071 2891 1202 2944 temnant,
1218 2880 1281 2949 quia
1296 2879 1393 2932 iratres
1407 2884 1480 2930 suut.
1497 2892 1507 2926 ι
1524 2870 1563 2927 Ne
1578 2870 1633 2926 siut
1648 2869 1788 2941 aequalem
1802 2884 1860 2924 coe-

1072 2984 1204 3029 leumant.

1111 3085 1122 3120 ι
1142 3065 1195 3122 Sed
1218 3065 1304 3132 magis
1327 3062 1468 3120 serviant:
1485 3059 1549 3131 quia
1563 3057 1658 3113 lideles
1672 3064 1744 3111 suot
1757 3065 1786 3110 et
1799 3051 1859 3108 dile·

1073 3163 1119 3225 cti.
1135 3161 1199 3226 quia
1222 3156 1348 3214 beneticii
1365 3154 1605 3223 participassent.
1627 3167 1637 3201 ι
1656 3148 1687 3202 Si
1704 3145 1855 3201 serviebant

1074 3253 1227 3308 inlidelibos
1255 3251 1354 3324 timore
1381 3248 1499 3303 odioso:
1516 3253 1620 3313 quanto
1648 3241 1743 3310 uragis
1767 3237 1858 3293 deleat

1074 3343 1177 3398 servire
1191 3340 1326 3404 fidelibus,
1343 3352 1460 3410 quorum
1477 3331 1624 3389 charitatis
1639 3329 1795 3401 participes
1806 3338 1857 3381 eree

1075 3436 1232 3490 merentur!

1114 3544 1124 3577 ι
1150 3524 1210 3578 llaec
1237 3524 1316 3590 doce,
1333 3531 1360 3578 ιι
1387 3521 1572 3577 exhortare.»
1605 3515 1693 3577 bace,
1714 3513 1753 3567 ita
1774 3511 1858 3567 <lehre

1077 3618 1134 3672 lieri
1154 3633 1162 3672 z
1178 3612 1481 3682 exhorterepraemium
1497 3606 1644 3664 ostendere
1660 3605 1766 3661 ὓιιιιιι.

1115 3723 1124 3758 c
1146 3707 1251 3774 Siquis
1276 3703 1354 3758 aliter
1381 3702 1472 3765 docet,
1487 3708 1514 3755 et
1540 3713 1593 3752 non
1614 3696 1775 3764 acquiescit
1797 3690 1860 3748 sarit

1077 3794 1250 3850 sermonibus
1267 3792 1372 3845 bornio'r
1389 3791 1474 3845 nostri
1490 3787 1555 3843 lesu
1567 3785 1673 3841 Christi
1689 3803 1696 3840 ε
1714 3797 1743 3839 ιι
1760 3785 1795 3851 ei,
1810 3796 1861 3853 qua

1078 3885 1226 3941 secrmdom
1253 3885 1381 3953 pietatem
1407 3891 1459 3948 est,
1481 3879 1626 3936 doctrinar.
1646 3895 1657 3929 ι
1692 3873 1861 3932 nostreru-

1079 3975 1165 4032 meoti
1180 3991 1188 4032 :
1204 3975 1304 4031 veteris
1318 3973 1391 4029 enim
1411 3987 1507 4027 serora
1521 3969 1646 4026 doctrina
1663 3977 1724 4024 est.

1119 4067 1285 4136 «Superbos
1311 4073 1365 4130 est,
1391 4063 1457 4118 nihil
1481 4061 1611 4117 sciense
1640 4059 1737 4129 Super
1760 4059 1864 4114 alioue

1079 4159 1222 4223 extollens,
1241 4172 1302 4212 cum
1321 4155 1512 4211 sitdesursum
1529 4151 1755 4222 sapiensquam
1776 4148 1863 4222 precli·

1080 4257 1124 4303 cat
1139 4246 1314 4317 sapientiam.

1119 4376 1129 4409 c
1153 4355 1206 4410 Sed
1231 4356 1364 4425 languens
1388 4355 1461 4410 circa
1487 4351 1670 4423 quaestiones.
1691 4372 1702 4406 ι
1720 4353 1775 4410 Nec
1799 4352 1864 4409 eain

1082 4451 1235 4507 recusando
1250 4449 1357 4519 penitus
1382 4448 1619 4512 ildem,.moritur,
1633 4460 1688 4501 nee
1703 4446 1866 4502 adversitatis

1083 4541 1197 4598 scicntia
1218 4539 1394 4601 convalescit.
1409 4537 1456 4593 sed
1474 4535 1591 4641 diversis
1607 4536 1806 4592 occasionibus
1816 4535 1867 4590 lae·

1119 4761 1129 4796 c
1146 4744 1177 4798 Et
1193 4758 1297 4814 puqnas
1312 4742 1468 4797 verborum.
1488 4760 1497 4794 r
1517 4741 1624 4796 ltelicto
1638 4756 1727 4797 senso
1742 4740 1866 4804 veritatis,

1082 4834 1274 4902 arnbiquitates
1288 4833 1433 4888 verborum
1450 4833 1598 4886 observant
1616 4848 1624 4888 :
1639 4833 1717 4887 sieut
1732 4828 1866 4888 uautctai

1082 4941 1116 4980 ιι
1130 4929 1223 4990 ιιιιιο,
1239 4926 1425 4980 diversitatem
1442 4925 1700 4980 testamentorum.

1123 5037 1131 5071 c
1153 5016 1193 5070 Es
1206 5017 1303 5087 quibos
1316 5018 1442 5072 oriuntur
1464 5015 1584 5078 incidie,
1597 5014 1805 5080 contentiones,
1816 5013 1865 5070 ato

1084 5109 1220 5178 spherulae.
1247 5128 1256 5160 ι
1277 5109 1342 5174 Quae
1355 5117 1489 5177 generant
1510 5107 1573 5161 lites
1588 5119 1622 5161 ac
1637 5106 1833 5178 blasphemias,
1843 5104 1867 5159 ia

1085 5203 1168 5259 ileum
1185 5202 1330 5272 paqumdo
1350 5201 1534 5256 sacertodibus.

1123 5337 1132 5369 ι
1154 5316 1332 5385 Suspiciones
1350 5315 1437 5370 malm.
1466 5334 1475 5367 ι
1503 5314 1568 5369 Sire
1594 5314 1725 5372 baeresim
1743 5318 1776 5372 cie
1793 5315 1869 5370 altera

1086 5411 1269 5479 suspicantur,
1299 5410 1355 5464 site
1375 5399 1520 5464 audientes
1538 5418 1635 5479 pumat
1650 5410 1764 5466 efficere
1779 5409 1869 5464 verita·

1086 5514 1151 5558 lein.

1124 5636 1134 5669 c
1155 5615 1377 5672 conflictationes
1390 5615 1534 5671 hominum
1551 5623 1645 5670 mente
1665 5623 1871 5684 corruptam:

1087 5720 1115 5766 et
1129 5710 1192 5779 quia
1207 5708 1321 5763 veritate
1335 5707 1433 5779 privati
1448 5715 1522 5763 suut.
1541 5703 1609 5761 »Ab
1623 5706 1784 5779 integritate
1794 5702 1872 5758 lirae·

1089 5802 1151 5874 gelli
1175 5801 1219 5855 rel
1235 5811 1348 5855 traturae.

1129 5913 1137 5945 ι
1163 5892 1383 5950 Eristiroantiuro
1400 5897 1533 5962 questam
1548 5903 1612 5948 esse
1636 5891 1781 5962 pictatem.
1799 5879 1869 5953 »Qai
