4109 6434
227 443 282 515 289

602 445 784 507 EPISTOLd
806 443 868 504 XL.
888 443 938 502 AD
958 444 1162 503 tt'ttastuu
1182 445 1491 507 etmsotnttuttttt.

1807 451 1861 515 290

227 558 1231 634 etgaulenttotavltaslneaueetlbasemmeram,ernn-asupmamus
1258 558 1397 612 doloribus
1428 561 1538 613 nostris.
1568 559 1637 627 Quid
1666 565 1859 630 egressurae

230 657 312 707 ritorto
342 652 463 719 capiant,
495 650 565 719 quod
585 651 698 719 cupiunt
718 651 750 703 de
775 650 832 703 suis
848 650 1012 719 pignoribus

229 744 341 812 adipisci
356 759 362 797 :
379 750 407 797 et
426 753 455 797 ut
479 741 514 795 ad
531 741 629 810 palatia
654 750 777 811 pergant,
791 743 1013 810 peregrinantur.

229 837 271 890 ad
299 836 388 890 studia
407 832 547 904 dignitatis
565 833 694 902 navigant
714 832 890 901 acquirenda,
912 833 951 885 tel
981 833 1014 886 ad

230 943 326 983 causas
341 927 497 998 patrimonii
515 926 621 995 aliquas
633 925 808 994 explicandas
833 940 894 979 cum
922 924 1014 980 labore

230 1031 256 1075 et
286 1017 418 1088 periculo,
446 1017 651 1087 proficiscentes
679 1016 945 1085 omnesirnpellunt,
966 1030 1015 1069 neu

230 1125 431 1167 sectrmtacare
447 1110 661 1178 quosdiligunt,
686 1109 835 1176 patiuntur.
867 1108 899 1161 [it
925 1117 955 1162 ut
982 1104 1015 1160 ad

229 1203 329 1272 palatia
347 1202 421 1267 coeli,
447 1201 480 1254 ad
495 1201 584 1255 studia
607 1199 721 1262 Curiati,
750 1199 783 1251 ad
799 1199 930 1252 bonorem
955 1197 1017 1251 ritte

229 1301 419 1365 perpeterere
434 1292 625 1362 patrimonium
642 1289 937 1359 possessionisaternae
953 1304 1014 1343 curn

232 1386 382 1441 securitate
398 1385 507 1438 valeant
522 1383 678 1452 pervenire,
696 1397 773 1436 nerito
789 1381 859 1435 lilius
873 1396 938 1436 suos
956 1395 971 1434 a
985 1393 1016 1435 so

1069 650 1201 717 peculiare
1216 650 1316 718 aliquid
1336 653 1520 717 erigeretrtra
1545 652 1646 706 nobis?
1659 654 1736 718 Quod
1755 655 1788 707 ad
1809 657 1859 708 de·

1065 729 1149 794 decus
1179 751 1301 794 nostrttm
1335 743 1463 810 pertinet,
1494 743 1609 813 gentiles
1650 742 1758 799 doleres
1788 759 1859 816 sape

1067 839 1254 896 contemnunt,
1268 847 1329 885 curn
1344 847 1397 887 uon
1411 835 1444 884 ad
1456 835 1588 902 proruisse
1604 835 1735 899 coetostia,
1753 838 1800 890 scd
1822 838 1856 891 ad

1068 935 1162 986 pronas
1178 920 1286 975 Tartari
1307 923 1449 991 rapiantur
1465 940 1472 988 ;
1487 934 1514 976 et
1527 937 1575 976 uos
1592 923 1746 993 plangimus
1758 935 1854 982 cuntes

1067 1011 1100 1062 ad
1118 1011 1216 1064 coelum
1232 1010 1243 1063 l
1258 1009 1418 1077 Considera,
1437 1013 1608 1067 Christianus
1627 1014 1688 1068 talis
1714 1016 1778 1084 quid
1798 1032 1858 1071 me·
1880 1017 1882 1021 ’

1068 1098 1171 1153 rebitur
1189 1099 1317 1170 deinceps
1335 1117 1344 1158 a
1361 1105 1405 1171 qui
1425 1116 1474 1155 nec
1490 1102 1589 1155 imitari
1609 1105 1748 1157 contendit
1764 1120 1858 1158 erem·
1881 1085 1884 1091 ³

1068 1190 1110 1258 pla
1127 1201 1297 1254 sanctorum,
1316 1207 1365 1247 uec
1379 1201 1566 1262 contemptum
1578 1192 1678 1250 babere
1691 1196 1832 1265 gentilium
1845 1198 1858 1250 i

1069 1282 1107 1335 llli
1130 1283 1219 1337 luctus
1235 1283 1405 1353 desperando
1421 1284 1594 1351 despicimrt;
1612 1300 1661 1340 nos
1683 1296 1709 1340 et
1723 1291 1858 1356 sperando

1068 1373 1211 1442 despicere
1230 1390 1283 1429 nott
1305 1391 1444 1429 conamur.
1462 1377 1499 1430 ttlt
1525 1378 1630 1431 servire
1659 1378 1857 1448 intrepidanter

229 1476 348 1530 libenter
365 1473 515 1540 gratulatur
529 1471 684 1527 abscedere.
703 1472 743 1525 bd
760 1473 939 1542 comparanda
956 1487 1016 1541 pcc·
1069 1465 1139 1518 lilios
1154 1480 1219 1520 suos
1238 1465 1397 1521 mortalibus
1422 1467 1533 1523 tradunt
1546 1483 1554 1534 ;
1569 1479 1595 1522 et
1610 1484 1661 1523 nus
1680 1468 1734 1524 Deo
1762 1481 1858 1525 nostro

229 1578 288 1618 cata
303 1564 424 1633 gaudent
439 1572 493 1615 tam
508 1572 636 1628 parentes
660 1575 675 1613 a
691 1559 764 1624 liliis,
781 1575 860 1628 quam
875 1559 923 1613 utu
940 1577 953 1612 a
968 1575 1015 1630 pa·
1068 1557 1148 1609 simul
1165 1568 1192 1612 et
1206 1572 1271 1611 siros
1287 1558 1398 1623 liberos,
1416 1568 1443 1612 et
1470 1569 1579 1613 nostros
1595 1560 1749 1615 liberandos
1761 1560 1857 1614 diruit·

229 1656 365 1720 carnibus,
384 1661 551 1723 provocante
571 1649 690 1713 diabolo,
704 1650 838 1718 separari.
856 1651 895 1704 dd
928 1650 1016 1706 indui·
1069 1656 1125 1702 tere
1140 1647 1270 1718 sacrilega
1287 1660 1378 1704 mente
1392 1660 1555 1704 cunctantur
1571 1665 1579 1703 a
1597 1653 1673 1718 quasi
1689 1652 1772 1706 tutius
1787 1650 1859 1721 apud

228 1748 347 1815 gentiam
367 1742 582 1814 percipiendam,
600 1741 696 1794 nolunt
711 1742 744 1796 ab
758 1740 883 1803 invicem,
898 1740 953 1793 ileo
970 1756 1016 1795 ro·
1068 1735 1195 1791 ltotuines
1211 1737 1365 1806 iudicemus
1381 1741 1467 1809 magis
1482 1755 1562 1808 qnam
1579 1754 1662 1810 penes
1685 1739 1769 1795 [lcum
1794 1757 1859 1796 con·

229 1849 321 1902 caute,
336 1835 516 1890 discernitut
531 1842 657 1902 appareat
673 1847 724 1885 non
741 1846 789 1900 pru
805 1843 895 1886 nostra
910 1833 1016 1887 ratione
1068 1830 1200 1884 tlentnati.
1221 1831 1345 1900 Aliquem
1376 1832 1493 1885 liliorum
1521 1831 1669 1885 Clrristiani
1696 1832 1791 1886 nolunt
1817 1833 1859 1886 rel

230 1945 280 1984 nos
295 1929 387 1984 dolere
399 1941 598 1997 quemcumque
615 1926 736 1979 ridemur
751 1926 888 1990 artrittcre,
907 1929 954 1980 scd
971 1928 1014 1979 iu-
1032 1921 1052 1974 B
1067 1923 1247 1991 gratulatione
1260 1939 1307 1978 sua
1323 1926 1456 1979 deducere
1469 1924 1502 1979 ad
1519 1927 1600 1981 botta.
1615 1925 1739 1980 Gentiles
1753 1928 1860 1983 tradere

229 2022 331 2076 dicium
349 2021 433 2090 magis
448 2020 591 2072 ostendere
607 2016 775 2072 diffidentiae.

269 2110 311 2164 ut.
327 2110 393 2165 utut
409 2110 565 2173 cretle,sola
581 2109 609 2164 in
623 2108 748 2162 omnibus
764 2109 938 2180 incredulitas
951 2125 1016 2166 nroe-

230 2216 281 2262 ret.
298 2207 331 2262 Et
346 2210 416 2260 sicut
432 2222 484 2259 rrou
501 2213 589 2272 potest
603 2204 667 2259 iales
683 2217 763 2258 nosse
777 2204 848 2272 quod
864 2205 961 2271 dolcat,
976 2207 1016 2259 sic

229 2298 379 2352 dil'lideutia
395 2297 602 2350 solatiatoribus
622 2295 761 2348 irrteuitur
786 2296 894 2348 ancilla.
908 2295 976 2349 Nam
992 2296 1015 2349 si

229 2390 398 2442 dormientes
412 2388 538 2450 dicimus,
560 2385 727 2440 dormientes
745 2386 836 2452 utique
848 2387 957 2439 credere
967 2386 1015 2440 de·

228 2480 342 2545 bcums;
362 2487 389 2533 et
406 2494 460 2532 nou
478 2488 611 2542 mortuus,
627 2481 673 2532 sed
688 2482 900 2546 requiescentes,
917 2494 1016 2533 serun-

230 2571 296 2622 dutn
312 2584 404 2624 rocem
420 2569 544 2625 dontiui:
559 2568 650 2624 Ouinia
665 2570 745 2632 enirn,
764 2570 862 2636 inquit,
883 2569 1016 2637 quieretit't

229 2663 321 2724 intare,
340 2659 399 2716 licet
413 2660 555 2724 utoriutttr,
575 2661 638 2714 uiuit
670 2659 763 2728 (loun.
780 2674 819 2722 ιι,
839 2659 897 2728 Ξῦ).
918 2660 947 2712 Si
968 2658 1016 2713 tibi

231 2752 354 2806 tuedicus
382 2750 434 2805 boc
457 2752 631 2819 protnilterct
661 2750 817 2818 qttisqnant,
835 2750 936 2802 nullam
957 2749 1017 2801 sine

231 2842 313 2895 dubio
327 2842 500 2911 promissioni
518 2841 576 2911 ejus
594 2855 694 2908 negare
711 2848 821 2906 poteras
838 2841 950 2892 omnino
968 2841 1014 2893 lae-

232 2930 330 2983 titiant.
345 2926 423 2982 Nune
448 2930 513 2996 quia
530 2928 657 2983 Cirtistus
673 2927 822 2982 lubricatur
839 2937 867 2982 et
898 2927 1016 2981 resusci-

231 3029 304 3074 tator
315 3019 460 3088 promittit,
478 3033 530 3071 uon
552 3019 630 3072 titues
659 3033 719 3072 eam
736 3018 875 3087 plangere,
903 3025 933 3070 ιιι
949 3018 1016 3072 lide·

231 3111 326 3164 liorem
342 3109 451 3164 Christo
462 3110 563 3176 pariter
578 3120 601 3161 et
615 3109 795 3176 potentiorem
816 3109 953 3162 tnedieutu
974 3108 1015 3160 ri·

232 3200 322 3253 dearis
333 3201 358 3252 in
374 3199 557 3265 promissione
573 3199 704 3267 judtcate.

270 3289 323 3344 t'u.
354 3290 407 3345 Sed
430 3292 600 3352 destitutam,
627 3290 706 3352 dicis,
737 3287 816 3342 doleo
847 3298 1016 3342 senectutem

234 3396 320 3437 meatu
332 3396 340 3434 :
353 3382 398 3450 qui
414 3381 563 3434 debueram
581 3376 687 3432 liberos
703 3392 778 3431 meos
794 3382 884 3446 potius
902 3391 1017 3432 anteco·

232 3474 308 3537 dere,
324 3485 358 3543 ne
376 3473 402 3525 in
415 3469 554 3524 laboribus
565 3483 745 3523 cernanerem.
759 3467 872 3533 Quando
889 3470 921 3522 dc
936 3469 1017 3538 spiri·

232 3565 351 3619 tualibus
364 3565 444 3618 ironis
457 3563 648 3632 quodcumque
659 3570 803 3625 tractatur,
821 3560 888 3614 nibil
903 3572 944 3616 est
959 3576 1018 3616 om·

235 3657 297 3710 rrirto
311 3658 344 3710 de
354 3654 511 3709 carnalibus
523 3666 586 3707 ante
599 3653 691 3708 oculos
714 3655 934 3721 proponendum.
962 3655 1018 3723 Ego

234 3749 282 3803 tibi
309 3749 406 3801 ruelius
422 3749 550 3815 proliteor
565 3747 698 3808 everrisse,
719 3749 764 3812 qui
791 3760 844 3798 non
865 3748 1017 3808 carnalem,

231 3841 279 3893 scd
295 3840 466 3908 spiritualem
484 3839 555 3891 circa
571 3845 597 3891 te
612 3837 758 3891 considero
784 3837 954 3890 lelioitatem.
977 3837 1016 3890 Tu

233 3932 303 3986 dicis
318 3941 344 3985 te
356 3930 478 4002 pignoris
502 3929 538 3982 tui
551 3931 625 3982 obitu
641 3930 667 3981 in
680 3938 817 3983 serrcctute
843 3931 995 3984 conlectum
1010 3947 1017 3985 ε

233 4040 282 4092 ego
298 4036 391 4077 contra
410 4023 496 4091 probo
511 4021 692 4076 sublevatum.
723 4020 862 4075 Serrectttti
882 4033 933 4075 tuae
961 4038 1018 4075 atu·

232 4115 335 4176 ptttarit
350 4113 481 4165 Dorrrimts
496 4111 579 4180 magis
599 4111 819 4173 sollicitudinem,
836 4128 897 4179 quae
909 4125 1017 4182 torque-

233 4204 324 4255 battle
342 4205 402 4254 rita
418 4199 483 4264 stlia,
514 4198 675 4266 deperiret.
703 4197 799 4252 blelius
828 4201 919 4267 utique
947 4215 1017 4254 rrrtnc

234 4291 482 4346 rnurtuatnsaeeuio
510 4290 600 4344 eredis
625 4303 686 4344 esse
703 4292 773 4360 apud
803 4291 885 4344 uentu
917 4292 1016 4358 ritum,

232 4398 313 4452 quam
325 4382 371 4436 bie
386 4383 474 4434 ciram
492 4391 637 4437 mortuam.
650 4379 744 4436 Gaude
760 4381 808 4436 tibi
832 4383 902 4449 quod
932 4383 1016 4437 liliam

232 4475 419 4528 tilrristianant
445 4472 594 4526 mereberis
620 4474 708 4539 sequi,
735 4487 816 4541 quarn
847 4483 968 4539 secutus,
990 4477 1016 4528 in

1069 2029 1124 2067 ntm
1143 2024 1308 2071 cunctantur
1324 2020 1356 2071 ad
1373 2018 1454 2070 mala.

1104 2106 1150 2160 ix.
1166 2107 1305 2163 Postremo
1329 2109 1369 2162 rel
1386 2124 1447 2162 cum
1462 2110 1518 2171 ipsa
1546 2108 1675 2165 felicitate
1701 2121 1858 2166 nostrorum

1068 2199 1241 2252 tuorieutinnr
1254 2201 1513 2268 cogatnurattintuut
1535 2199 1655 2266 flectere,
1671 2215 1704 2254 ne
1717 2201 1860 2256 desideriis

1067 2303 1161 2342 crrrrtm
1189 2290 1321 2343 desideria
1348 2300 1440 2343 nostra
1462 2292 1604 2359 ,incipiant
1634 2291 1773 2347 reluctari.
1793 2293 1860 2347 Esto

1068 2380 1222 2448 religiosus,
1237 2381 1279 2435 vel
1295 2389 1357 2434 roto
1375 2381 1433 2445 eius
1453 2397 1513 2451 qnae
1539 2382 1636 2446 erasit,
1656 2385 1678 2435 si
1693 2396 1746 2435 non
1778 2390 1859 2452 potes

1069 2477 1127 2521 tuo.
1144 2468 1265 2535 Exsulta,
1282 2472 1344 2540 quia
1374 2471 1507 2536 placuisse
1532 2470 1723 2540 cognoscistui
1750 2469 1861 2537 partici-

1069 2563 1140 2626 pium
1153 2562 1293 2630 sattguinis
1312 2562 1434 2627 Christo,
1459 2564 1576 2617 tuatitne
1589 2564 1658 2630 quod
1671 2562 1704 2614 de
1714 2562 1860 2617 occasione

1069 2653 1167 2705 debeas
1182 2652 1299 2707 tolerare
1324 2654 1432 2708 Domini
1448 2655 1628 2721 voluntatem,
1645 2655 1688 2708 etti
1713 2669 1766 2708 trun
1782 2665 1859 2722 potes

1068 2745 1266 2801 contradicere.
1283 2745 1315 2799 Et
1341 2762 1402 2802 cum
1417 2747 1452 2801 sit
1483 2747 1611 2803 omnibns
1640 2747 1794 2801 eommunis
1815 2747 1860 2799 iric

1068 2847 1147 2887 casas
1158 2850 1166 2900 ;
1179 2850 1263 2890 ranus
1274 2838 1352 2893 dolor
1365 2847 1416 2904 est,
1431 2837 1476 2907 qui
1489 2854 1538 2894 ttoe
1561 2839 1666 2909 primus
1682 2839 1788 2893 ridetur
1798 2849 1861 2892 esso

1069 2941 1117 2979 nec
1133 2926 1218 2981 solus.

1105 3018 1138 3071 X.
1155 3016 1208 3071 Sed
1227 3017 1296 3073 dicis
1311 3036 1319 3075 ι
1332 3017 1482 3075 Nullusme
1497 3021 1600 3076 demea
1617 3022 1787 3076 desolatione
1801 3019 1858 3093 [di.

1069 3108 1265 3180 ctrtrsolatione]
1286 3116 1384 3164 trientis
1402 3127 1486 3180 angor
1498 3114 1640 3168 exulcerat
1656 3131 1662 3167 ε
1676 3114 1724 3166 sod
1742 3126 1792 3181 pro
1807 3112 1857 3169 de·

1071 3201 1174 3254 relictis
1206 3202 1325 3271 parvulis
1358 3204 1511 3269 morientis,
1543 3203 1720 3258 brtrnanitatis
1746 3202 1859 3260 allectus

1073 3292 1209 3359 intpulsat.
1220 3292 1344 3357 Neclicct
1356 3296 1519 3348 eonrrrmrcri
1529 3297 1649 3348 animum
1662 3293 1857 3359 Christianum,

1073 3400 1106 3435 ne
1121 3393 1215 3436 eutttra
1230 3382 1331 3439 Citristi
1347 3385 1459 3453 imperia
1478 3385 1638 3440 reluctetur.
1659 3386 1729 3451 Quid
1744 3386 1858 3442 interest

1072 3479 1294 3544 quandocuttrqtte
1318 3485 1343 3531 et
1370 3478 1579 3545 qualescumque
1617 3476 1686 3532 idios
1712 3479 1859 3544 dimisisse,

1072 3566 1278 3634 qrmsjulrentur
1297 3583 1313 3621 a
1342 3567 1455 3622 uorntno
1472 3583 1553 3622 causa
1583 3568 1733 3623 siccationis
1758 3568 1859 3625 odisse.

1073 3655 1166 3709 ilelius
1181 3671 1252 3710 nunc
1266 3658 1368 3712 sairam
1387 3658 1505 3712 animam
1521 3674 1598 3712 suam
1623 3660 1742 3712 moriens
1757 3659 1858 3714 dereli-

1072 3751 1129 3815 quil
1146 3749 1171 3802 in
1190 3764 1265 3816 pat-e,
1281 3765 1314 3803 ne
1331 3751 1357 3802 itt
1372 3752 1561 3817 persecutione
1577 3753 1714 3805 dimittere
1733 3765 1794 3805 cum
1805 3765 1858 3806 suo

1072 3837 1182 3890 interitu
1195 3852 1250 3891 non
1275 3841 1387 3893 raierct.
1404 3841 1473 3909 ipsis
1487 3841 1663 3896 auxiliabitur
1693 3842 1719 3895 iu
1744 3841 1858 3919 munde,

1072 3941 1184 3995 quorum
1203 3942 1316 3983 matrem
1333 3931 1414 3984 babet
1430 3932 1456 3984 iu
1478 3931 1557 3984 coelo.
1576 3932 1608 3984 Et
1622 3930 1667 4000 qui
1688 3932 1767 3984 matri
1794 3933 1859 3988 sub·

1073 4020 1154 4084 venit,
1173 4030 1199 4073 et
1214 4021 1275 4075 liltis
1287 4032 1360 4075 certe
1378 4029 1529 4076 succurret.

1108 4109 1155 4163 xt.
1177 4110 1316 4165 Postremo
1333 4111 1405 4175 ride,
1423 4114 1444 4166 si
1460 4110 1562 4180 aliquid
1580 4110 1678 4166 debeat
1690 4111 1776 4167 dolori
1791 4129 1858 4168 con·

1072 4202 1143 4265 cedi,
1159 4201 1204 4255 ubi
1221 4203 1281 4256 sine
1306 4202 1398 4270 aliquo
1416 4206 1536 4257 rorrrediu
1552 4213 1640 4271 potest
1662 4204 1771 4260 anitnus
1796 4206 1860 4259 lati·

1073 4292 1141 4362 gari.
1160 4291 1303 4362 Sapienter
1323 4295 1403 4348 debet
1422 4294 1513 4350 dolere
1529 4298 1575 4364 qui
1601 4295 1693 4364 dolet;
1710 4312 1744 4351 ue
1765 4298 1860 4365 perdat

1073 4383 1133 4437 siue
1151 4398 1231 4437 causa
1247 4384 1319 4453 quod
1335 4383 1418 4438 dolet.
1431 4380 1509 4438 Nunc
1526 4395 1614 4439 autem
1639 4397 1734 4439 contra
1756 4387 1857 4443 lucturtt

1073 4477 1203 4529 sarrienda
1220 4486 1284 4530 suut
1300 4491 1387 4542 arura,
1410 4487 1438 4530 ut
1454 4493 1515 4545 spes
1533 4489 1627 4532 nostra
1645 4480 1730 4547 possit
1759 4463 1860 4536 babere

233 4568 303 4620 coelo
329 4569 446 4633 gaudeas
465 4578 562 4619 rursus
584 4563 721 4632 amplecti.
741 4563 799 4618 Nou
830 4575 855 4617 to
881 4565 1014 4632 descruit,
1034 4588 1058 4646 q)
1072 4567 1224 4620 victoriam.
1241 4567 1431 4633 Prirrcipalitcr
1444 4566 1515 4635 quod
1529 4568 1614 4622 voluit
1637 4569 1708 4623 tiens
1721 4572 1860 4640 suscipere

238 4660 287 4713 scd
301 4657 449 4726 praecessit.
464 4655 560 4709 ilisisti
576 4655 741 4709 nutrimenta
767 4665 812 4709 tua
842 4657 961 4712 Christo.
987 4659 1016 4713 Si
1071 4659 1249 4728 gratulemur.
1267 4657 1369 4712 Deinde
1379 4659 1441 4726 quia
1458 4660 1508 4713 boc
1526 4660 1604 4714 uobis
1618 4659 1644 4713 iu
1665 4664 1767 4714 tnundo
1781 4678 1857 4717 curtr-

233 4756 335 4804 luctum
352 4748 500 4812 lrorrucris,
519 4755 547 4802 ct
561 4755 587 4801 te
596 4747 728 4801 obtulisse
739 4747 838 4816 pignus
860 4747 916 4802 Deo
932 4750 1017 4818 depu·
1071 4763 1152 4803 mune
1166 4756 1219 4811 est,
1230 4748 1337 4802 additur
1347 4748 1473 4815 privatim
1488 4749 1625 4818 peculiare
1637 4761 1772 4816 nostrum,
1786 4751 1858 4822 qnod

232 4837 1019 4910 taripoteris.Sccunduntrotunrtuumitabepustdbra·
1071 4841 1105 4894 ad
1140 4841 1258 4908 requiem
1286 4840 1462 4895 deducamur.
1496 4841 1628 4910 Sequitur
1658 4843 1859 4898 cottsortmtatin

232 4937 308 4996 bant,
334 4932 355 4984 si
368 4945 423 4983 nou
437 4938 513 4999 potes
527 4928 662 4997 printutn;
694 4937 723 4980 ut
736 4930 806 4997 quod
820 4928 864 4980 ille
879 4929 1019 4983 dubitabat

230 5022 343 5085 offerte,
370 5028 400 5074 tu
418 5022 514 5075 saltent
532 5018 589 5090 lull.
617 5015 700 5088 lortci
720 5003 836 5073 ridearis
857 5019 891 5074 de
913 5021 1019 5075 sulrlato

229 5115 359 5185 gaudere.
377 5112 417 5167 Ab
434 5112 479 5165 tllo
507 5109 638 5166 Douriutts
655 5109 816 5180 postularit,
840 5127 854 5163 a
883 5122 908 5164 tc
933 5113 1015 5178 tulit,

230 5204 405 5273 illcjussioui
421 5202 525 5274 paruit,
555 5213 582 5257 tu
600 5201 732 5255 voluntati
758 5201 923 5255 consentias.
940 5201 1017 5288 illurn

230 5312 281 5368 per
303 5297 422 5352 illicitam
440 5298 528 5365 legem
553 5304 657 5349 natura
666 5295 789 5364 probarit
801 5296 990 5350 sibiderotum
1009 5312 1017 5362 ς

230 5402 259 5443 te
276 5389 372 5443 saltem
385 5404 432 5457 per
447 5389 550 5442 licitam
561 5389 748 5444 conditionem
779 5389 953 5444 rnortalitatis
968 5404 1019 5443 aa·

230 5489 308 5536 notet
327 5480 493 5551 religiosum.
506 5479 535 5535 ln
551 5495 605 5550 qua
627 5489 706 5551 parte
720 5478 907 5536 Christianum
925 5492 950 5535 te
969 5495 1019 5549 po·

231 5574 299 5627 teris
312 5576 475 5642 approbare.

268 5661 335 5716 tull.
349 5660 497 5716 Erubescat
507 5661 684 5716 incredulitas
698 5672 804 5728 nostra,
819 5676 880 5730 que
891 5676 941 5716 nec
954 5676 1016 5717 cum

232 5751 379 5821 gentilibus
410 5751 466 5806 ileo
495 5752 554 5806 vult
580 5766 642 5806 esse
660 5748 790 5820 subjecta.
807 5750 964 5808 Cornrnunis
978 5763 1019 5806 est

233 5846 383 5902 uobiscum
400 5845 453 5900 illis
476 5843 563 5899 exitus
591 5842 695 5908 mortis,
712 5851 738 5896 et
768 5843 874 5897 dolores
910 5842 1017 5898 illorum

1070 4929 1191 4982 oninium
1208 4930 1379 4998 gaudiorum,
1396 4931 1466 5000 quod
1484 4931 1510 4984 in
1527 4934 1726 4986 resurrectione
1740 4932 1856 4985 invicem

1076 5021 1164 5086 uobis,
1181 5021 1295 5075 ilomluu
1321 5023 1496 5087 reformante,
1518 5023 1678 5077 reddemur:
1694 5025 1765 5092 quod
1786 5027 1858 5090 spu·

1071 5117 1156 5166 stitus
1167 5113 1328 5179 pollicetur:
1345 5113 1413 5167 Nolo
1426 5131 1469 5167 oot
1482 5115 1614 5184 ignorare,
1628 5115 1735 5186 fratres,
1752 5114 1784 5166 dc
1794 5115 1859 5165 dor·

1071 5203 1222 5269 sitientibus,
1237 5215 1264 5255 ttt
1280 5221 1330 5257 uon
1352 5207 1552 5270 erratrisleutint',
1572 5207 1639 5259 ticet
1666 5217 1689 5256 ct
1709 5204 1798 5257 ctctcrt'
1813 5203 1859 5274 qtti

1070 5311 1141 5360 spem
1158 5312 1210 5348 uon
1224 5295 1329 5349 bellent.
1355 5296 1386 5350 Si
1412 5297 1483 5351 cuim
1507 5297 1712 5360 credimusque
1735 5293 1857 5350 Cirriatur

1070 5397 1189 5440 mortuus
1202 5395 1250 5449 est,
1262 5397 1286 5439 et
1302 5388 1443 5441 resurrexit
1455 5403 1465 5442 .·
1479 5389 1517 5440 ilc
1543 5398 1565 5440 et
1580 5387 1649 5440 Dcar
1667 5402 1710 5440 coa
1724 5387 1768 5454 qui
1793 5387 1857 5439 dor·

1071 5480 1186 5532 mieraut
1198 5476 1345 5543 inCltrirto,
1358 5478 1470 5532 adtluect
1483 5494 1543 5531 cata
1556 5475 1638 5547 illul!
1653 5476 1744 5531 Tltcts.
1757 5491 1795 5540 ιι,
1811 5475 1856 5540 lb,

1073 5572 1127 5629 lei.
1146 5569 1209 5624 llaec
1229 5570 1292 5633 tibi,
1322 5571 1471 5636 benedicte,
1490 5585 1538 5638 pro
1555 5569 1690 5623 charitate
1718 5567 1857 5624 communi

1071 5660 1220 5716 transmisi.
1234 5662 1367 5716 Caeterum
1380 5658 1438 5715 scio
1452 5672 1478 5714 te
1496 5661 1596 5726 calere,
1616 5659 1683 5714 aiios
1710 5659 1857 5715 consulari.

1071 5749 1147 5804 Turre
1162 5751 1262 5806 orbitas
1280 5765 1331 5804 non
1361 5750 1482 5804 intentet
1505 5750 1708 5820 penetrabilem,
1740 5751 1761 5804 si
1791 5746 1860 5806 alius

1072 5857 1165 5900 cotnra
1188 5845 1260 5898 illam
1276 5859 1328 5898 non
1348 5857 1439 5899 cesses
1451 5858 1557 5901 artuerc
1581 5842 1634 5914 [sl.
1653 5840 1767 5915 atnare].
