4109 6434
233 438 287 501 839

234 561 354 620 troepne
368 546 538 617 potestatisa
556 543 680 608 Domino,
696 541 722 595 iu
737 554 783 595 cns
814 541 861 612 qni
883 543 1020 612 poeniten·
1036 556 1058 609 ,s

231 643 295 698 tiam
310 649 452 707 negarunt,
468 637 535 706 agit.

273 753 282 786 t
300 732 369 788 Ecce
383 731 462 785 tertio
478 730 529 783 boc
543 736 653 797 paratus
669 740 727 780 sunt
745 725 837 780 uenire
855 725 887 778 ad
906 739 954 780 uos
970 735 1020 780 :et

230 843 285 882 non
302 840 349 881 ero
369 820 460 894 grauis
472 819 560 875 tobis.
578 814 638 873 Non
653 818 726 871 enirn
742 833 835 887 qnaero
850 832 911 886 quae
929 826 1018 871 restro

230 929 303 980 stunt,
319 919 367 972 sed
390 928 448 970 ros.
480 932 488 965 t
516 912 637 967 Salutem
659 920 776 966 nestram
799 910 936 978 desidero,
964 924 1017 964 non

229 1025 355 1065 mmmm.

266 1101 347 1155 «Nec
363 1099 436 1155 enim
452 1098 553 1153 debent
566 1096 613 1150 biii
637 1095 797 1165 parentibus
821 1093 1016 1158 thesaurizare,

227 1192 273 1248 red
290 1202 414 1262 parentes
431 1189 505 1245 filiis.
525 1208 533 1241 t
551 1188 606 1258 Epo
626 1189 711 1259 tnagis
726 1186 748 1242 si
773 1186 914 1250 haberem,
940 1184 1017 1239 robis

227 1288 292 1340 dare
308 1285 445 1338 deberent.
718 1278 722 1283 “

266 1395 275 1428 ι
295 1374 350 1443 Epo
365 1386 456 1428 eutem
469 1373 650 1428 libentissime
662 1371 828 1441 impendam,
844 1368 1017 1439 eteuperim·

226 1467 386 1538 pendorego
404 1467 460 1536 ipse
473 1477 521 1534 pro
535 1464 680 1518 animabus
695 1462 793 1516 nestris
805 1462 988 1516 abundantius
1008 1478 1015 1515 :

226 1561 291 1616 iicet
304 1559 364 1631 pins
375 1558 561 1626 rosdiiigens,
577 1553 783 1622 minusdibssnr.
807 1570 816 1604 t
832 1552 909 1618 Quod
929 1553 1016 1608 babeo

225 1656 318 1708 iaboro
330 1651 427 1718 nimio,
441 1650 610 1719 intpettdo,et
621 1646 681 1714 pius
695 1660 776 1715 quant
789 1658 899 1713 possum
912 1647 1017 1715 impen-

224 1750 298 1801 dant.
309 1744 432 1800 Perfecta
449 1741 522 1797 enirn
535 1739 644 1794 dilectio
661 1753 712 1793 nott
726 1737 814 1792 solum
831 1746 916 1792 totum
941 1737 1015 1808 qnod

225 1840 318 1902 babet,
353 1835 439 1907 gratis
476 1832 617 1902 impendit,
636 1831 683 1886 sed
708 1831 789 1887 etiarn
816 1831 873 1899 ipsa
900 1830 1015 1885 libenter

223 1927 474 1999 superimpenditur
491 1926 515 1979 si
535 1936 649 1979 neeesse
664 1935 718 1980 est.

262 2040 271 2073 r
291 2021 344 2075 Sed
357 2030 425 2074 esto.
443 2017 500 2087 Ego
512 2031 560 2072 nos
577 2029 630 2071 uon
645 2016 765 2082 grauari,
784 2018 830 2070 sed
845 2033 907 2072 cuttt
923 2033 1011 2091 essem

223 2124 339 2176 astutus,
354 2111 416 2167 doio
429 2124 477 2165 nos
490 2107 698 2180 cepiNnnquid
720 2124 768 2179 per
782 2109 900 2178 aliquem
915 2125 1010 2164 eorum

217 2199 291 2276 'quus
305 2204 365 2259 misi
380 2206 414 2258 ad
431 2217 490 2268 tus,
504 2200 673 2257 circumveni
690 2200 758 2256 rosi
774 2218 783 2252 t
799 2201 852 2256 Per
864 2203 958 2257 omnia
982 2217 1013 2257 se

221 2306 329 2367 purgat,
345 2295 466 2364 ipsorum
484 2308 592 2363 semper
609 2293 808 2348 conscientiam
822 2302 919 2348 testem
936 2296 1013 2348 inro-

221 2404 308 2442 eans:
327 2385 408 2441 simni
425 2393 452 2441 et
472 2385 610 2454 quomodo
624 2397 655 2440 so
673 2383 708 2439 ab
725 2383 783 2440 iiiis
796 2385 901 2455 possint
914 2400 1011 2441 catere

221 2482 423 2535 demonstrans.

264 2594 389 2661 «tingant
405 2591 506 2656 Titum,
523 2601 550 2647 et
565 2592 627 2647 misi
641 2607 702 2648 cum
718 2590 763 2646 ilio
795 2591 917 2647 tratrem.
936 2591 1012 2647 Nun·

220 2687 285 2756 quid
299 2684 376 2740 Titus
388 2699 436 2740 ros
446 2683 647 2739 circumuenit?
661 2704 671 2738 t
686 2684 812 2755 Nuuuuid
822 2685 922 2754 aliquid
937 2689 1012 2742 robis

220 2778 333 2831 ottetuiit
349 2776 382 2830 ad
403 2792 445 2830 nte
462 2776 672 2845 perforendum?

259 2910 268 2943 t
296 2890 395 2946 Nonne
421 2892 522 2946 eodem
543 2892 643 2960 spirim
673 2892 892 2947 ambulavimus?
915 2890 1012 2947 Nonne

219 2983 322 3038 eisdem
339 2981 460 3053 uestigiis
467 2982 479 3036 i
497 3001 507 3034 t
524 2983 620 3041 Nonne
633 3000 687 3038 nno
705 2985 804 3053 spirim
818 2986 910 3039 onmia
937 2986 1011 3055 geri·

220 3075 299 3128 tnusi

257 3204 267 3237 r
282 3185 353 3240 Oiim
369 3184 482 3254 putatis,
495 3181 571 3252 quod
586 3199 748 3241 excusemus
762 3203 810 3242 nos
829 3188 901 3257 apud
916 3205 974 3244 nos.
1000 3206 1008 3239 t

219 3276 277 3332 Nou
295 3279 504 3347 sieutsuperins
521 3277 589 3344 diti,
613 3279 752 3346 placemus
776 3282 856 3337 uobis
879 3299 887 3334 ι
909 3283 955 3338 sed
975 3270 1044 3336 noc

218 3372 299 3426 nobis
324 3387 385 3426 curn
415 3372 570 3426 venerimus
594 3385 706 3428 neeesse
730 3373 765 3428 sit
794 3377 885 3429 acrius
920 3374 1008 3429 uindi-

218 3478 290 3516 titre·

256 3594 266 3627 r
285 3574 383 3630 Coram
400 3573 456 3629 Deo
472 3576 498 3628 in
510 3574 621 3629 cbristo
635 3575 782 3644 loquimur.
796 3574 892 3631 Otttnie
905 3585 1006 3639 autern,

218 3664 384 3727 cintrissinti,
397 3674 508 3734 propter
520 3664 729 3719 aedisscatiottent
747 3674 877 3719 vestram.
898 3684 906 3717 t
921 3662 1007 3731 Quem

218 3757 313 3811 iniiere
328 3755 495 3825 impossibile
513 3766 565 3810 ost.

158 3902 161 3908 -
254 3867 462 3922 rTirncocnitu
479 3869 670 3924 ueiortecont
688 3884 799 3935 renero,
826 3886 879 3924 non
908 3872 1006 3936 ottaics

216 3962 276 4015 soio
291 3960 425 4014 inueniam
441 3976 489 4016 vos
509 3978 516 4015 ι
534 3971 562 4014 ct
578 3976 629 4032 ego
643 3963 769 4017 invenior
787 3946 1006 4033 anobisqnaient

216 4070 269 4108 nott
284 4052 376 4108 ruitis.
398 4070 408 4104 t
430 4052 526 4108 Timeo
541 4053 562 4107 si
579 4069 628 4108 uos
646 4069 699 4108 non
716 4055 848 4110 inuenero
863 4055 961 4125 justos,
980 4068 1007 4109 et

214 4163 265 4217 ego
293 4147 369 4200 robis
394 4124 507 4200 seuerus
530 4147 665 4202 inrettiur.
693 4146 889 4203 blandimentis
918 4150 1005 4203 mittas

212 4239 312 4308 juttpit.

253 4372 262 4405 r
281 4352 398 4408 Nciorte
411 4351 609 4417 contentiones,
626 4353 825 4419 aernniationes,
843 4355 1004 4410 animosita-

214 4455 266 4510 tes,
282 4443 478 4505 dissensiones,
492 4441 686 4508 detractiones,
699 4445 915 4507 susurrationes,
926 4445 1003 4499 india·

214 4545 312 4598 tiones,
329 4535 480 4589 seditiones
495 4535 552 4589 sint
574 4534 647 4589 inter
672 4550 732 4591 ros.
758 4533 798 4590 Nc
818 4537 918 4591 iterum
942 4553 1002 4591 eunt

214 4642 314 4682 renero
331 4626 458 4681 itnmiliet
475 4641 518 4682 me
537 4629 608 4680 bens
622 4625 694 4695 apud
707 4641 766 4681 ros.
789 4644 798 4678 t
817 4626 929 4697 Propter
945 4627 1003 4684 haec

211 4733 241 4771 ee
265 4717 374 4773 dicebat
398 4718 571 4773 severissime
599 4719 748 4772 uindicare.
773 4717 842 4784 Quid
857 4719 960 4774 taceret
979 4735 1003 4775 st

211 4811 315 4865 nostris
328 4810 495 4879 temporibus
505 4809 691 4877 adinveniret,
704 4811 802 4878 quibus
814 4813 847 4865 nd
862 4825 1004 4880 compota·

210 4900 313 4954 tionem
327 4900 442 4954 aiiorntn
457 4900 615 4967 criminum,
632 4901 727 4955 istane
744 4913 875 4971 putantur
891 4904 1002 4972 quidem

209 5009 271 5054 esse
291 4991 422 5058 peccata?

249 5126 257 5155 ι
278 5105 311 5158 dt
326 5105 431 5176 lugeam
446 5104 546 5160 multos
556 5120 589 5160 et
602 5105 655 5171 bis,
669 5106 716 5174 qui
729 5117 791 5161 ante
809 5118 1002 5176 peccauerunt,

209 5209 237 5252 et
249 5214 300 5251 non
319 5207 433 5267 egerunt
450 5199 648 5268 poenitentiam.
667 5217 676 5249 t
694 5197 749 5253 iioc
762 5210 805 5253 est
828 5212 922 5255 cutura
949 5200 1003 5255 bo·

211 5290 335 5344 tatianos
353 5290 521 5357 poenitentiae
536 5299 702 5360 negatores:
722 5291 745 5344 si
761 5291 833 5345 enim
857 5293 931 5362 luget
946 5309 1003 5360 pue-

208 5382 352 5434 mteutianr
372 5396 426 5434 non
449 5391 571 5451 agentes,
595 5381 689 5450 utique
715 5383 747 5435 du
770 5386 914 5453 egentibus
936 5401 1002 5455 gnu-

208 5472 265 5524 det.

246 5604 255 5631 t
276 5580 364 5651 Super
381 5583 567 5648 immunditie,
579 5595 607 5640 et
622 5586 848 5653 fornicationem
858 5590 1003 5659 impudici·

206 5673 256 5736 tia,
272 5688 352 5741 qttam
366 5685 521 5744 gesserunt.
542 5696 552 5728 r
567 5675 740 5746 impudicitia
754 5683 864 5750 gravior
879 5693 922 5736 est
942 5682 1000 5736 ior-

704 430 976 492 sursumsunt
998 430 1157 495 obnubit
1181 435 1383 500 utbrtsstt.

1814 442 1870 511 bib

1371 545 1483 607 corba
1496 552 1566 610 iiiii.

1112 656 1121 687 t
1140 637 1208 693 Ecce
1226 640 1306 695 tertio
1319 642 1372 697 boe
1386 645 1465 697 uenio
1482 646 1515 697 ad
1529 660 1600 701 nos:
1619 646 1645 700 itt
1671 661 1720 701 ore
1748 649 1869 705 duorum

1073 727 1114 780 vei
1132 727 1212 782 trium
1229 731 1339 784 testium
1353 731 1526 786 stabitontnc
1540 731 1663 787 verbnm.
1684 732 1870 791 »Secundum

1073 818 1170 888 tegern,
1185 831 1278 876 contra
1296 820 1470 877 biattirbaeos.

1110 929 1120 962 r
1139 910 1255 966 Praediri
1269 912 1383 968 enimet
1399 913 1573 982 praedictum
1588 930 1710 984 presens
1726 918 1819 986 robis,
1841 902 1869 975 et

1072 1017 1144 1058 nunc
1158 1005 1255 1060 absens
1270 1005 1325 1069 bis,
1345 1007 1471 1075 quiante
1494 1019 1690 1078 peccaverunt,
1710 1021 1741 1066 et
1760 1016 1867 1071 esteris

1071 1096 1199 1153 omnibus
1215 1098 1361 1167 :qnoniam
1374 1100 1397 1154 si
1407 1109 1519 1163 venero,
1536 1101 1634 1157 itcrotn
1648 1119 1701 1158 non
1714 1119 1839 1175 parcam.
1853 1126 1862 1157 t

1072 1186 1122 1253 Qui
1140 1198 1201 1257 post
1215 1190 1379 1246 documento
1394 1190 1513 1258 priorum
1525 1195 1709 1260 peccaverint,
1731 1209 1787 1250 non
1798 1197 1864 1264 ipris

1018 1332 1023 1339 ,
1071 1293 1201 1348 parcam:
1217 1283 1279 1350 qnia
1295 1283 1512 1338 antecedentium
1529 1285 1607 1338 ruins
1621 1296 1775 1355 sequentes
1788 1290 1864 1345 debet

1072 1371 1162 1426 iacere
1174 1373 1320 1430 cautiores.

1110 1479 1119 1512 r
1142 1462 1180 1514 dn
1195 1465 1413 1532 experimentum
1429 1466 1552 1535 queritis
1564 1466 1635 1536 ejus,
1652 1469 1698 1536 qni
1714 1484 1745 1524 tn
1763 1484 1806 1524 nte
1823 1470 1863 1524 lo·

1071 1552 1326 1621 qnitanbtistosit
1339 1557 1380 1610 An
1391 1557 1417 1610 in
1427 1555 1612 1612 meGbristmn
1625 1560 1751 1627 tentatis,
1774 1571 1860 1616 utrum

1072 1645 1097 1698 in
1114 1643 1191 1699 tobis
1208 1645 1296 1701 vatent
1312 1647 1469 1704 vindicare?

1107 1737 1184 1804 «Qui
1201 1738 1322 1794 innubis
1338 1754 1391 1794 nou
1415 1740 1597 1796 ittiirmrtur.»
1615 1743 1701 1810 Quem
1718 1760 1773 1802 non
1785 1746 1860 1800 infir·

1069 1845 1154 1893 ntttnt,
1167 1830 1213 1884 seri
1231 1841 1367 1901 potentem
1383 1847 1446 1887 esse
1461 1849 1510 1888 nee
1522 1834 1573 1903 ipsi
1591 1837 1716 1891 nescitis.

1031 1938 1052 1990 p
1104 1941 1114 1974 r
1133 1921 1186 1976 Sed
1202 1934 1351 1993 potensest
1367 1925 1393 1979 in
1409 1926 1493 1980 ruitis.
1513 1947 1522 1978 t
1541 1927 1648 1994 Qttonto
1664 1937 1754 2002 tnagis
1768 1933 1797 1988 in
1816 1948 1860 1988 ro·

1066 2015 1107 2068 bis
1120 2016 1295 2084 carptoribus
1308 2020 1362 2072 sui.

1104 2123 1114 2158 ι
1133 2105 1200 2159 Natu
1213 2116 1240 2161 ct
1255 2107 1277 2163 si
1292 2108 1440 2164 crucifixus
1456 2119 1497 2165 esi
1514 2128 1544 2165 et
1563 2112 1725 2169 iniirntitate
1742 2118 1812 2171 :sed
1823 2098 1862 2172 ιίᾸ

1065 2198 1104 2252 rit
1118 2212 1150 2252 et
1168 2198 1270 2254 virtute
1281 2197 1338 2254 bei.
1356 2219 1365 2252 t
1380 2200 1457 2266 Quod
1473 2203 1619 2258 ernetbtus
1633 2216 1684 2271 est,
1702 2217 1805 2263 nostrae
1817 2218 1859 2263 est

1065 2292 1231 2347 infirmitatis
1248 2295 1340 2362 :qnod
1355 2294 1433 2362 tivit,
1451 2310 1507 2351 sure
1525 2297 1644 2353 uirtutis.

1102 2381 1194 2436 «Nam
1211 2391 1239 2437 et
1262 2398 1311 2439 nos
1327 2384 1425 2439 irttirtni
1443 2401 1537 2440 suntne
1554 2388 1580 2442 in
1597 2389 1653 2455 ibo,
1670 2396 1718 2446 sed
1737 2393 1857 2451 riremus

1064 2489 1125 2529 curn
1151 2488 1184 2530 eo
1206 2490 1239 2529 er
1256 2476 1359 2531 virtute
1377 2477 1424 2532 bei
1445 2478 1473 2533 in
1499 2481 1613 2536 robis.t
1638 2483 1715 2552 Sive,
1741 2488 1788 2555 qni
1806 2504 1857 2542 nos

1064 2567 1142 2635 quasi
1168 2565 1292 2623 infirmos
1316 2573 1485 2638 provocatis,
1514 2573 1660 2630 invenietis
1684 2593 1735 2631 nos
1765 2581 1858 2636 virere

1064 2673 1124 2712 cum
1139 2656 1250 2713 cbristo
1266 2661 1293 2713 itt
1310 2660 1412 2716 uirtute
1427 2662 1486 2729 Dei,
1503 2681 1564 2720 omn
1586 2669 1613 2720 in
1640 2671 1858 2728 vos-uindicare

1064 2750 1238 2817 coeperimus.
1264 2750 1331 2807 Sive
1350 2768 1402 2808 nos
1417 2757 1444 2808 in
1460 2758 1589 2825 praesenti
1604 2760 1714 2829 quidem
1729 2762 1856 2818 intirmo-

1065 2857 1137 2906 tuor,
1159 2845 1206 2898 sed
1232 2844 1259 2898 in
1275 2843 1368 2903 iuturo
1386 2863 1448 2903 cunt
1473 2852 1532 2917 iiio,
1548 2867 1603 2907 nou
1626 2854 1653 2907 iu
1677 2864 1786 2922 nostra,
1808 2859 1856 2914 sed

1064 2929 1112 2987 Dei
1127 2933 1228 2989 uirtute
1240 2937 1375 2992 triremos.

1102 3026 1311 3099 «vosmetipsos
1329 3041 1442 3099 tentate,
1463 3034 1486 3090 si
1499 3036 1567 3092 estis
1587 3037 1614 3091 itt
1630 3039 1683 3093 iidc
1705 3056 1712 3093 ε
1730 3041 1787 3112 ipsi
1807 3057 1855 3099 ros

1064 3120 1188 3188 probate.
1207 3139 1217 3173 t
1246 3123 1275 3177 si
1291 3123 1317 3177 in
1336 3123 1388 3180 tide
1406 3127 1485 3191 estis,
1502 3140 1531 3183 et
1545 3129 1573 3183 itt
1591 3131 1670 3186 nobis
1685 3147 1735 3187 ros
1754 3148 1855 3206 rogno-

1064 3208 1153 3264 scite:
1184 3211 1247 3266 date
1264 3216 1431 3270 sententiam
1453 3219 1481 3271 in
1508 3230 1646 3289 peccante,
1670 3233 1699 3278 et
1716 3226 1809 3282 ridete
1832 3227 1855 3284 si

1062 3317 1114 3356 nou
1131 3304 1222 3358 statim
1252 3321 1314 3360 cum
1329 3319 1420 3363 uestro
1437 3311 1519 3366 uerbo
1537 3314 1654 3368 uindicta
1672 3317 1819 3385 procedat.

1097 3396 1220 3451 «Annon
1249 3401 1414 3465 cognoscitis
1432 3404 1623 3471 nosmetipsos,
1642 3408 1708 3476 quia
1728 3407 1855 3464 Christos

1059 3487 1140 3542 iesus
1154 3489 1181 3542 itt
1202 3491 1351 3545 nobisest?
1379 3492 1437 3547 Nisi
1454 3495 1524 3549 iorte
1543 3500 1650 3565 reprobi
1672 3500 1780 3560 estis.»
1803 3502 1851 3560 Dei

1060 3583 1158 3644 uirtus,
1176 3583 1200 3635 si
1221 3590 1311 3637 tritten
1328 3600 1378 3640 vrrs
1392 3589 1504 3642 minime
1520 3591 1689 3658 reprobat-it.

1098 3669 1209 3737 «Spero
1230 3682 1322 3726 autent
1339 3676 1412 3742 quod
1431 3681 1622 3745 cognoscitis:
1645 3684 1711 3750 quir
1729 3700 1783 3741 nos
1800 3703 1850 3744 noe

1059 3775 1153 3813 sntnns
1165 3762 1284 3828 reprobi.
1299 3782 1309 3814 t
1328 3765 1413 3833 Spero
1430 3782 1476 3823 ros
1495 3783 1626 3826 sensuros
1641 3781 1787 3842 quomodo
1801 3794 1851 3833 nos

1059 3866 1266 3909 conversemus.

1096 3940 1237 3998 ‹Or-antus
1261 3956 1352 4000 atttent
1378 3949 1475 4015 bertot,
1495 3962 1526 4005 ot
1544 3952 1611 4007 nibil
1631 3957 1697 4010 maii
1710 3956 1849 4016 faciatis:

1060 4048 1112 4086 non
1133 4045 1163 4089 ut
1187 4051 1237 4091 nos
1256 4040 1364 4108 probru
1389 4057 1544 4109 parcamus,
1568 4045 1615 4100 sed
1645 4060 1675 4101 ιιι
1698 4065 1749 4105 ros
1773 4056 1844 4123 quod

1059 4122 1157 4180 bunum
1174 4138 1215 4181 est
1238 4129 1355 4185 iacietis.
1372 4131 1427 4188 Nos
1442 4146 1531 4189 entem
1551 4146 1579 4190 ut
1601 4142 1712 4206 reprobi
1732 4146 1844 4199 simus·

1058 4216 1086 4270 Si
1117 4215 1190 4271 ettint
1218 4219 1281 4272 maii
1318 4221 1422 4292 aliquid
1442 4222 1576 4291 feceritis,
1607 4243 1656 4283 nus
1684 4233 1846 4290 uindicando

1058 4309 1213 4377 parebimus
1241 4312 1373 4379 probati:
1400 4318 1447 4370 sed
1466 4319 1613 4373 tuniuimus
1637 4336 1689 4376 nos
1711 4330 1840 4394 reprobos

1058 4387 1275 4465 nidori,‘tatttnttt
1292 4416 1323 4459 ut
1352 4420 1399 4459 ros
1412 4412 1483 4477 quod
1502 4408 1599 4465 bonurn
1613 4424 1656 4468 est
1671 4415 1793 4474 [aciatis.

1095 4506 1104 4539 r
1121 4489 1181 4543 Non
1193 4507 1336 4559 possumus
1344 4496 1416 4550 enim
1427 4497 1528 4566 aliquid
1538 4502 1672 4558 aniversae
1683 4509 1842 4568 veritatem.

1020 4585 1104 4669 „sed
1129 4599 1179 4653 pro
1206 4588 1355 4642 ueritate.»
1389 4591 1558 4648 irntoeetniae
1574 4600 1646 4650 enim
1663 4610 1767 4658 nostre
1784 4622 1844 4657 sen·

995 4720 1001 4730 .
1057 4679 1139 4730 tentia
1164 4676 1328 4733 obessenott
1354 4684 1465 4751 poterit,
1485 4686 1538 4742 ttisi
1561 4689 1586 4742 ei
1614 4692 1663 4759 qui
1688 4704 1741 4762 pro
1771 4712 1843 4751 certo

1055 4771 1220 4837 peccauerit.

1093 4856 1273 4915 «Gnademns
1293 4865 1365 4918 ertim
1387 4867 1517 4934 quoniam
1535 4885 1584 4925 nos
1610 4872 1713 4930 instrati
1740 4894 1842 4947 sumus,

1056 4963 1102 5003 vos
1116 4958 1241 5018 pulsantes
1254 4954 1332 5008 estis.
1347 4973 1357 5006 t
1379 4956 1538 5016 (tondemur
1554 4964 1576 5016 si
1593 4980 1647 5018 nott
1667 4969 1703 5020 sit
1732 4986 1843 5027 necesse

1056 5052 1085 5096 nt
1100 5051 1195 5097 nostra
1220 5048 1307 5100 uirtus
1323 5061 1464 5118 appareat,
1490 5055 1564 5109 sicut
1576 5054 1651 5112 Petri
1665 5068 1799 5131 apparuit
1817 5071 1842 5121 nt

1055 5138 1231 5208 stppnirtet
1258 5146 1376 5202 Attattta.

1093 5231 1173 5286 «boe
1197 5244 1224 5289 et
1251 5250 1362 5293 oramus
1388 5251 1507 5299 uestram
1535 5253 1838 5311 consummationem.»

1056 5320 1089 5376 Ut
1109 5340 1158 5379 ros
1170 5327 1284 5394 periecti
1300 5331 1362 5386 sitis
1376 5344 1514 5402 potentes.

1092 5419 1179 5472 tideo
1200 5424 1272 5474 enim
1288 5423 1346 5479 baec
1362 5426 1463 5483 absens
1476 5431 1580 5497 scribo,
1598 5443 1627 5488 ut
1650 5452 1704 5491 nou
1725 5456 1843 5509 present

1055 5510 1149 5566 durius
1159 5526 1249 5581 agam,
1261 5520 1410 5575 secundum
1422 5531 1597 5591 potestatem,
1609 5544 1693 5598 qnam
1712 5531 1843 5591 bertuinus

1053 5603 1128 5657 dedit
1158 5607 1271 5660 mitti.»
1307 5611 1336 5665 st
1362 5627 1415 5667 tton
1448 5621 1623 5676 correxeritis
1650 5638 1709 5688 sos,
1749 5628 1842 5682 durms

1053 5696 1143 5750 adime
1160 5708 1275 5755 acturus
1292 5717 1365 5768 sum,
1381 5722 1464 5776 quant
1477 5713 1624 5768 scribendo
1639 5716 1786 5775 denuntio.

207 5766 354 5831 bitatione,
371 5771 449 5836 quasi
469 5782 641 5826 monstruosa
670 5776 809 5844 turpitudo
835 5790 843 5831 t
864 5776 935 5831 sicut
959 5776 1003 5832 iiie
1092 5808 1100 5836 t
1117 5788 1146 5841 in
1161 5791 1406 5851 aedificationem.»
1426 5800 1561 5858 brettos
1578 5812 1612 5860 dc
1627 5819 1732 5865 caetero
1747 5826 1839 5866 emen·

207 5858 273 5911 icen
288 5860 334 5927 qui
352 5876 466 5917 osorem
481 5867 567 5934 putris
583 5866 700 5937 accurrit.

1054 5879 1137 5950 detis,
1171 5890 1200 5937 et
1217 5884 1262 5939 aiii
1276 5899 1389 5954 peccare
1404 5891 1562 5955 iorutidout.
