4109 6434
209 390 265 455 83l

713 387 921 453 Exeostuto
941 387 981 447 IN
997 385 1120 450 EPIST.
1138 391 1166 450 11
1184 393 1233 452 tu
1247 391 1332 453 COP.

1794 394 1847 460 et

249 523 259 557 ι
279 504 332 559 Sed
348 510 375 558 et
396 502 447 572 ipsi
463 502 489 557 iu
513 502 592 557 nobis
610 502 794 569 nosmetipsos
811 499 964 555 metientes.
987 516 997 549 ι
1014 499 1105 580 giam
1123 500 1260 555 illaturum
1278 498 1354 571 (Gerr.
1372 518 1415 566 ιιι,
1427 505 1453 568 l,
1472 504 1511 573 5).
1524 504 1562 559 lta
1580 511 1606 558 ει
1622 507 1844 577 pseudoapostoli

209 595 268 652 lton
283 594 439 651 excedimus
455 609 589 648 nterrsnrae
606 600 704 647 nostrae
719 593 862 647 terminos.

249 706 258 739 ι
283 686 717 754 Etcomparantesnosmetipsos
735 685 823 739 anobis.
847 702 857 736 ι
876 682 935 737 Non
953 683 1001 738 mi·

209 781 324 836 nuribus
341 795 348 834 :
365 777 436 832 sicut
453 792 513 830 cnm
531 776 567 829 illi
583 776 648 830 nibil
672 776 738 842 sint,
758 775 889 845 apostolis
904 789 934 830 se
949 789 1001 830 non

209 868 293 925 rnoda
311 866 431 938 aequales
447 867 563 928 iaciunt,
579 867 626 920 sed
645 866 727 920 etiam
748 875 930 933 attteponuut.

251 979 260 1013 ι
284 959 339 1013 Νιιε
364 969 456 1014 ειιιειιι
486 973 539 1011 ιιοιι
558 958 584 1011 in
611 957 774 1013 itntnensnnt
804 957 1001 1026 gloriabimur:

209 1052 435 1111 setiesecnndum
453 1064 610 1104 mensnram
630 1050 740 1120 reginae,
755 1066 808 1119 qua
831 1063 940 1103 mensus
961 1057 1003 1104 εει

210 1145 292 1200 euobis
312 1142 383 1197 Deus
410 1156 566 1196 rtiensnrarn
589 1139 761 1208 pertingendi
787 1157 873 1210 usque
891 1142 924 1196 ad
942 1157 1001 1197 ros.

208 1235 271 1291 Non
285 1236 358 1290 enim
372 1235 450 1304 quasi
468 1248 521 1287 tion
540 1236 724 1304 pertingentes
741 1235 774 1288 an
795 1249 843 1288 vos
873 1250 1003 1304 superer·

210 1328 349 1384 tendimns
372 1342 431 1381 nos.
453 1324 552 1380 »litlnl
579 1340 660 1396 supra
682 1342 838 1381 nterrsuram
852 1327 1001 1381 lntmananr

210 1421 341 1485 iacimus,
353 1419 400 1474 scd
416 1419 443 1473 in
459 1418 627 1487 apostulatus
637 1418 763 1487 gratiam,
775 1426 907 1489 querutum
920 1419 1000 1475 nobis

211 1514 345 1569 Domittns
356 1513 459 1566 dortarc
474 1511 599 1581 dignatus
612 1520 663 1572 est,
679 1526 727 1579 per
744 1527 830 1593 spatam⁸
845 1513 930 1578 robis,
949 1512 1002 1566 Co-

213 1607 318 1674 rintltii,
332 1606 523 1677 praedicamus,
541 1619 590 1658 nec
614 1606 685 1659 enim
703 1604 753 1659 boe
771 1604 948 1674 usurpatione
964 1604 1002 1659 le·

212 1700 312 1765 cituns,
324 1700 372 1753 sed
389 1708 535 1767 praecepto.

183 1786 186 1791 “
254 1785 371 1856 ‹Usqrre
396 1789 429 1841 ad
448 1802 494 1842 vos
519 1787 591 1842 enirn
619 1785 792 1857 pervertimus
806 1787 833 1839 iu
851 1785 1002 1856 Evangelio

1054 587 1210 648 asserebant
1229 594 1289 648 ideo
1317 594 1452 662 Evangelii
1469 608 1604 665 praecepta
1634 598 1736 663 addita,
1753 611 1781 652 nr
1802 600 1844 654 rel

1054 685 1094 740 sic
1110 686 1152 739 lex
1169 687 1281 756 antiqua
1296 699 1453 742 εειιεεειιιι
1469 704 1477 744 :
1492 696 1520 742 ei
1535 705 1595 741 cant
1614 690 1700 743 sulam
1719 691 1846 747 sulltecre

1055 777 1220 833 custoditam
1252 778 1412 849 perquirunt
1427 779 1610 834 annulatnres.
1625 777 1685 833 lam
1704 799 1776 836 rrurre
1788 799 1846 837 ser-

1054 884 1123 939 pens
1141 869 1267 924 similiter
1284 872 1416 940 qrtosdam
1433 871 1548 938 seducit,
1565 874 1717 942 gelasianam
1735 888 1846 943 proptor
1871 913 1873 917 -

1054 961 1143 1016 solum
1175 973 1306 1017 terrorem
1336 973 1489 1019 asserentes
1517 965 1650 1018 storninari
1668 982 1674 1018 :
1692 981 1772 1034 qrtamr
1800 981 1847 1023 ant

1054 1052 1163 1122 penitus
1178 1070 1230 1108 non
1248 1071 1320 1121 esse,
1335 1065 1381 1110 aut
1403 1065 1531 1108 aeternam
1549 1072 1602 1111 nun
1621 1071 1682 1110 esse
1698 1057 1844 1127 silicinam,

1055 1157 1149 1202 contra
1167 1148 1357 1202 anctoritatem
1373 1147 1497 1202 onmium
1514 1147 1732 1216 scripturarum.

1094 1256 1103 1289 t
1124 1238 1157 1291 Et
1172 1240 1298 1294 exululant
1312 1255 1326 1293 a
1342 1240 1529 1310 simplicitate.
1550 1260 1558 1292 ι
1579 1241 1646 1306 Quia
1666 1242 1713 1297 Dei
1731 1244 1843 1298 uerbum

1055 1328 1214 1396 simpliciter
1237 1332 1351 1384 credere
1391 1346 1443 1383 nun
1469 1338 1512 1383 εει
1535 1330 1676 1384 Ιιοιιιίιιιιιιι
1703 1345 1846 1402 perverso·

1055 1433 1126 1473 rutra.

1093 1525 1102 1557 ι
1122 1506 1187 1570 Qtrae
1204 1519 1244 1562 est
1259 1507 1287 1562 in
1303 1507 1413 1563 Christo
1430 1509 1505 1564 lesu.
1529 1529 1539 1562 ι
1558 1512 1656 1568 Castus
1678 1527 1784 1580 sensus,
1798 1514 1847 1584 qrti

1055 1600 1100 1654 nni
1118 1602 1176 1654 viro
1191 1600 1367 1672 enrrjnngimr
1390 1600 1500 1657 cbristo
1515 1616 1524 1659 a
1539 1615 1567 1660 ει
1585 1603 1673 1660 solius
1697 1605 1737 1661 illi
1761 1612 1847 1663 semet

1055 1691 1190 1761 promissa
1205 1691 1354 1747 suiliciuni.

1093 1800 1103 1834 ι
1125 1782 1193 1836 Nam
1209 1784 1232 1837 si
1250 1784 1334 1856 isqui
1351 1783 1435 1849 venii,
1449 1783 1532 1840 aliurn
1551 1785 1691 1841 Christum
1703 1791 1845 1857 predicat,

211 1881 328 1939 Christi.
349 1902 358 1932 ι
380 1878 437 1936 Non
465 1889 569 1947 nostro,
586 1891 616 1936 ut
643 1879 681 1934 illi
704 1879 751 1951 qui
776 1880 948 1948 praedicando
974 1896 1003 1935 se
1019 1862 1041 1923 fl
1055 1891 1136 1945 quem
1153 1892 1206 1932 uon
1222 1879 1428 1946 praedicavimus
1445 1894 1452 1931 a
1472 1889 1518 1933 aut
1533 1879 1615 1932 aliurn
1629 1880 1760 1949 ¹spiritum
1777 1883 1848 1935 arei·

212 1990 293 2031 auum
310 1973 486 2044 Evangeliunt
503 1974 616 2029 iaciunt.

252 2085 262 2119 ι
283 2062 341 2121 lion
355 2068 382 2120 in
395 2068 556 2121 immensum
575 2068 723 2136 gloriantes
744 2066 770 2120 in
788 2065 885 2120 alicnis
901 2065 1004 2119 labori·

213 2159 277 2214 bus.
297 2159 487 2214 »immensum
505 2168 546 2214 est
564 2160 590 2211 in
607 2158 704 2213 alienis
723 2157 865 2211 laboribus
880 2157 1003 2227 gloriari.

214 2250 255 2306 illi
273 2260 364 2305 autent
381 2264 489 2315 senmcr
513 2249 546 2305 ad
571 2249 664 2306 fideles
692 2250 778 2316 ibant,
793 2251 841 2318 qui
859 2251 936 2322 signa
955 2253 1005 2305 nri·

213 2343 291 2399 nime
304 2342 473 2413 quaerebant.

255 2453 265 2488 ι
283 2436 364 2505 Spem
380 2445 471 2489 antem
499 2433 641 2498 babentes,
657 2435 807 2490 crescentis
827 2434 889 2490 irdei
906 2445 1005 2489 restrae

216 2528 244 2582 in
260 2527 337 2582 robis
353 2526 520 2597 magnilicari
538 2524 687 2579 secundum
704 2524 824 2592 regulam
841 2531 974 2578 nostram.
992 2543 1000 2575 ι

215 2620 268 2687 Qui
285 2633 337 2674 uun
361 2632 473 2672 rrruttera
488 2633 502 2670 a
518 2616 606 2684 ruitis,
620 2616 668 2671 sed
686 2617 839 2671 tnerccdent
856 2630 872 2671 a
893 2615 947 2670 beu
961 2630 1004 2670 ιε-

214 2713 280 2766 slrae
294 2709 355 2763 fidei
371 2714 572 2776 exspectamus.

256 2819 266 2853 ι
287 2800 315 2856 ln
333 2798 499 2855 abundantia
517 2800 619 2854 :etiam
648 2799 674 2853 in
703 2798 748 2852 illa
773 2813 835 2868 qtrae
861 2797 930 2851 ultra
957 2811 1005 2852 uos

165 2924 173 2935 ν
216 2905 293 2960 aunt,
314 2893 514 2964 erartgcliaare.
535 2911 544 2942 ι
565 2890 595 2945 ld
614 2898 666 2955 εει,
687 2905 742 2943 ιιοιι
760 2890 834 2944 enim
858 2904 944 2958 usqtte
970 2891 1004 2943 ad

216 3006 265 3045 ros
278 2986 377 3042 suffieit
389 2985 532 3055 peruenire
548 2984 615 3040 :sed
632 2997 695 3038 curn
710 2992 797 3037 restra
823 2979 891 3036 fides
907 2996 1004 3035 creue-

215 3083 262 3146 rit,
278 3081 333 3133 alio
348 3078 524 3132 transiemus.
954 3081 956 3086 ’

254 3193 263 3225 ι
289 3172 347 3227 lion
371 3172 398 3224 in
428 3170 515 3224 aliena
541 3169 631 3237 regula
649 3171 675 3223 ln
703 3168 830 3236 hisquae
854 3179 1003 3237 praeparata

215 3277 289 3332 stant,
312 3263 447 3335 gloriari.»
465 3263 542 3317 Sicut
554 3262 591 3316 illi
607 3263 640 3316 de
655 3263 814 3331 praeparatis
824 3259 881 3329 iarn
897 3257 932 3313 ab
942 3259 1003 3315 aliis

215 3354 577 3427 imprudentergloriantur.

253 3467 263 3502 ι
284 3448 337 3516 eut
362 3457 452 3502 autem
476 3445 658 3517 gloriatur,in
682 3442 797 3497 nornine
824 3442 966 3512 glorietur.
992 3461 1001 3492 ι

212 3542 274 3598 laur
293 3541 403 3613 gloriari
420 3541 445 3593 in
461 3538 575 3594 bomine
592 3537 768 3600 ealrortatnr,
794 3534 873 3602 cnjus
888 3535 1004 3589 virtutes

213 3635 242 3689 iu
256 3648 289 3688 eu
304 3641 423 3703 operatae
438 3640 511 3686 suut.

252 3744 263 3779 ι
285 3724 345 3781 Non
363 3726 435 3781 eninr
450 3724 495 3794 qui
513 3723 631 3792 scipsum
648 3722 890 3788 commendandis
907 3722 1005 3790 proba-

213 3827 258 3872 tns
280 3826 341 3871 cat:
361 3817 409 3871 scd
430 3829 509 3884 ortem
536 3813 608 3867 Deus
630 3813 848 3866 uolumenum.»
876 3812 1002 3876 seipsum

212 3908 399 3972 cummanum,
415 3907 461 3977 qtti
479 3909 537 3975 ipse
561 3905 721 3959 laudasse:
738 3905 816 3958 illum
835 3919 899 3959 reru
915 3904 1005 3958 bonti-

211 4017 267 4058 uus
283 3999 465 4065 consumendae,
483 4000 528 4069 qui
547 3998 687 4075 signorum
705 3998 850 4053 virtutibus
863 4012 1003 4053 conmacu-

210 4093 305 4148 datur.

523 4159 635 4217 CAPUT
650 4160 695 4215 tlt.

253 4292 264 4325 ι
284 4272 393 4329 Utiuarn
411 4272 583 4327 sustineretis
600 4272 737 4327 modicum
754 4272 819 4341 qnid
836 4272 1002 4339 insipientiae

211 4381 283 4420 meae
298 4378 305 4418 :
323 4363 370 4418 sed
395 4372 422 4416 et
449 4369 605 4430 supportate
629 4377 682 4417 ιιιε.
703 4383 712 4413 ι
730 4362 870 4417 Srrstmete
885 4379 941 4427 mc,
957 4365 1002 4433 qni

211 4455 330 4509 urultnm
341 4456 477 4508 sustinere
484 4454 665 4507 corisueristis
675 4455 889 4523 imprudentiam
901 4472 1001 4510 meam.

1055 1969 1128 2038 pitis,
1142 1984 1223 2036 quem
1249 1985 1302 2025 non
1324 1971 1490 2038 accepistis;
1506 1981 1554 2025 aut
1569 1970 1641 2025 aliud
1659 1970 1847 2041 Evangelinm,

1055 2062 1126 2129 quod
1143 2077 1196 2116 nou
1213 2064 1355 2130 recepistis
1373 2080 1381 2131 ;
1400 2074 1472 2119 recte
1496 2064 1670 2134 pateremini.
1693 2082 1703 2115 ι
1720 2064 1748 2118 Si
1771 2066 1847 2118 uobis

1055 2156 1171 2226 amplius
1186 2158 1286 2225 aliquid
1303 2157 1398 2227 gratiae
1413 2158 1620 2225 praedicaretur,
1634 2172 1713 2224 quam
1733 2171 1782 2226 per
1797 2173 1846 2211 stirs

1055 2253 1209 2322 accepistis,
1222 2263 1296 2310 recte
1309 2270 1356 2309 eos
1370 2255 1449 2309 nobis
1466 2254 1586 2324 praeponi
1601 2253 1716 2309 lursitan
1737 2264 1845 2323 patere-

1056 2346 1133 2401 mitti.

1095 2454 1104 2486 ι
1125 2434 1259 2489 Existimo
1275 2432 1368 2503 ξειιίιιι,
1385 2435 1452 2490 nibil
1470 2450 1513 2491 me
1537 2436 1626 2490 ruirrus
1644 2434 1753 2491 iecisse.
1780 2454 1789 2487 ι
1805 2435 1848 2490 lle

1056 2524 1148 2579 mitius
1174 2523 1273 2580 iecisse
1295 2525 1365 2590 istis,
1386 2526 1434 2596 qni
1453 2542 1508 2580 raon
1534 2526 1602 2580 nibil
1617 2537 1692 2592 suut,
1709 2540 1745 2581 ue
1770 2537 1848 2597 putc-

1056 2619 1103 2670 tis.

1095 2726 1104 2759 ι
1124 2709 1148 2762 A
1165 2710 1269 2778 magnis
1286 2708 1431 2778 apostolis.
1456 2728 1466 2761 ι
1483 2709 1593 2776 Quatrto
1608 2712 1694 2780 magis
1708 2708 1807 2767 Petrus
1821 2720 1849 2765 et

1056 2801 1147 2856 caleri
1162 2802 1312 2872 praedicant
1328 2804 1416 2856 rrtinus
1433 2803 1537 2872 aliquid
1553 2805 1706 2871 accepisse.

1095 2911 1105 2944 t
1125 2889 1192 2946 Nam
1211 2893 1280 2947 etsi
1306 2893 1449 2961 imperitus
1472 2908 1609 2955 seruiens,
1626 2894 1673 2949 sed
1690 2908 1744 2947 non
1759 2894 1849 2949 scien·

1058 2983 1104 3038 tia.
1123 3003 1133 3036 ι
1151 2983 1218 3038 Nam
1230 2986 1301 3040 sicut
1317 2985 1374 3047 erl,
1387 2985 1434 3054 utri
1450 3001 1511 3039 cum
1526 2986 1581 3039 sint
1592 2987 1705 3041 seientia
1717 2987 1847 3056 irnperii,

1057 3075 1084 3129 in
1100 3090 1227 3130 sermone
1242 3076 1348 3131 tumido
1362 3076 1529 3144 gloriantur.

1096 3185 1106 3219 ι
1128 3167 1158 3222 ln
1186 3169 1315 3223 onmibus
1342 3182 1434 3222 antem
1465 3168 1700 3224 nranllestussmn
1725 3168 1810 3224 robis.
1836 3188 1847 3222 ι

1056 3257 1179 3314 Ostendit
1197 3259 1380 3330 integritatem
1400 3276 1488 3321 suunt,
1504 3274 1557 3328 qua
1575 3274 1623 3328 per
1640 3259 1725 3326 ileum
1754 3263 1847 3313 omina

1056 3349 1152 3407 lecerit
1165 3368 1173 3407 a
1184 3366 1244 3406 cum
1256 3368 1308 3407 nec
1320 3353 1474 3415 auaritiam,
1487 3367 1537 3405 nec
1549 3351 1652 3420 gulam,
1668 3366 1718 3406 nec
1734 3350 1847 3421 gloriam

1056 3445 1091 3499 ab
1106 3444 1146 3498 eis
1161 3444 1306 3512 aliquando
1320 3455 1466 3515 quaereret.

1095 3554 1105 3588 ι
1128 3539 1182 3592 nint
1202 3537 1326 3605 nunquid
1345 3547 1489 3607 peccatum
1511 3534 1563 3592 ieci
1582 3537 1722 3608 'meipsum
1752 3539 1849 3593 buruni·

1057 3622 1138 3687 liuns,
1151 3635 1180 3677 ιιι
1195 3640 1245 3678 vus
1261 3625 1444 3680 exaltemini!
1463 3647 1472 3676 ι
1491 3626 1520 3681 Si
1535 3626 1608 3681 lucie
1620 3628 1671 3682 hut:
1685 3628 1773 3682 sulum
1786 3647 1849 3697 pete-

1056 3714 1127 3780 cavi,
1140 3715 1187 3783 qui
1204 3723 1315 3785 propter
1331 3732 1380 3770 uos
1403 3719 1486 3771 etiarn
1503 3717 1578 3772 licita
1594 3726 1622 3772 ει
1638 3734 1767 3776 concessa
1783 3737 1849 3776 corr-

1058 3805 1166 3875 lentpsi.

1095 3915 1104 3948 r
1129 3896 1263 3964 Quoniam
1286 3900 1372 3966 gratis
1395 3899 1571 3969 Evangeliunt
1600 3900 1648 3956 Dei
1664 3904 1848 3972 evangelizari

1058 3993 1144 4048 robis.
1167 4012 1176 4043 ι
1197 3991 1247 4059 Qui
1267 4008 1357 4062 neque
1377 4009 1473 4062 panem
1491 3988 1852 4064 quotidianum,gnctrt'ur·

1057 4087 1160 4140 diruant
1175 4087 1318 4149 DorrrinuS,
1333 4087 1500 4152 accepimus.

1095 4176 1204 4232 «Alias
1235 4178 1371 4231 Ecclesiae
1401 4178 1561 4246 exspoliari,
1588 4179 1725 4248 accipiens
1748 4182 1836 4249 stipcn

1057 4270 1129 4324 diunt
1148 4270 1182 4323 ud
1208 4271 1390 4324 utinisterimn
1417 4285 1550 4325 vcstrrnn.
1573 4291 1581 4321 ι
1600 4270 1667 4326 Cum
1684 4274 1763 4328 vobis
1779 4289 1848 4343 prae-

1057 4363 1188 4426 dicarem,
1206 4364 1272 4416 nribi
1290 4361 1451 4417 Macedones
1466 4364 1668 4418 trtirristrabaut.

1096 4475 1105 4508 ι
1127 4456 1159 4508 Ει
1170 4471 1231 4510 ειιιιι
1246 4471 1334 4510 εεεειιι
1351 4459 1422 4524 apud
1435 4473 1491 4520 sos,
1514 4468 1674 4527 elegerent,
1694 4458 1760 4513 rrrtlli
1785 4477 1851 4516 one·

209 4547 278 4603 tneo
299 4547 470 4617 insipientem
496 4562 527 4601 sc
552 4547 629 4610 dicit,
655 4548 718 4616 qnia
745 4548 783 4602 illi
809 4564 921 4604 necesse
944 4561 1005 4604 erat
1022 4569 1043 4623 p
1058 4565 1138 4605 rosus
1153 4548 1204 4602 inl.
1224 4566 1233 4599 ι
1251 4545 1307 4601 lloc
1330 4545 1380 4599 init
1396 4564 1428 4600 cx
1446 4549 1570 4612 scritate,
1590 4550 1775 4606 inlnnnitutem
1789 4570 1852 4622 por·

209 4640 306 4709 aliqua
322 4641 355 4693 de
368 4654 398 4694 se
419 4641 521 4700 dicere,
539 4638 601 4693 licet
617 4653 679 4693 sera
694 4655 703 4695 a
720 4643 899 4709 transcendat,
920 4659 1001 4710 qnam

209 4745 279 4786 vere
305 4730 464 4797 insipientes
481 4740 553 4795 ειιιιι,
568 4732 614 4799 qui
640 4731 708 4787 ialso
724 4747 754 4786 se
771 4734 893 4788 latrdant.
908 4733 960 4789 Sed
977 4746 1004 4790 et

208 4830 373 4890 supportate
393 4835 447 4874 ure.
994 4829 997 4834 ’

287 4911 412 4967 AErrmlor
434 4912 507 4967 enim
523 4928 573 4968 ros
600 4915 647 4968 bei
664 4917 848 4970 aeumlatione.
866 4917 1004 4985 ilespondi

208 5006 287 5062 euim
303 5021 351 5061 sos
365 5007 411 5059 uni
428 5007 486 5061 viro
507 5008 639 5075 virgtnern
654 5019 758 5062 castam
780 5011 910 5063 exlribere
922 5010 1004 5063 Clari·

209 5106 268 5152 sto.
292 5116 302 5148 ι
329 5098 355 5151 ld
373 5107 428 5161 est,
444 5112 496 5152 nou
520 5098 631 5152 stitnulo
655 5098 750 5152 livoris
775 5098 940 5164 itrllatnmor,
956 5101 1004 5156 sed

210 5204 264 5246 vos
281 5199 409 5259 tanquam
437 5202 513 5260 pater
528 5192 618 5245 divina
632 5193 807 5246 aerrmlatione
825 5190 961 5261 custodio,
977 5208 1006 5250 nt

210 5286 315 5356 possint
331 5301 379 5341 ros
397 5286 587 5341 irrttnaculatos
607 5285 716 5340 Clrristo
739 5289 1005 5358 conjurngere,1tarrrto

210 5379 319 5448 majore
346 5378 437 5432 studio
465 5387 642 5434 conterentes
668 5391 770 5449 quatuo
800 5383 905 5437 rtreliuri
938 5386 1005 5437 estis

208 5485 315 5542 spuisse
330 5470 473 5539 jtrrrgeudi.
730 5464 737 5479 ‘

252 5586 261 5618 ι
282 5565 376 5619 Tinreo
392 5574 482 5619 antem
497 5579 532 5618 ne
549 5564 620 5619 sicut
646 5580 758 5635 serpens
790 5566 871 5620 Euam
897 5569 1006 5622 scaturit

207 5660 313 5715 astutia
330 5674 391 5722 sua,
408 5660 443 5711 ita
459 5670 675 5730 corrumpuntur
689 5674 787 5714 sensus
801 5662 894 5714 uestri.
916 5681 924 5711 ι
941 5660 1006 5713 Ser·

207 5767 278 5826 pens
298 5752 392 5816 Erunt,
407 5757 439 5806 de
464 5754 518 5807 ilco
546 5753 711 5815 rtientiendo,
725 5752 843 5814 seduxit,
864 5751 1004 5806 affirmans

204 5851 296 5907 solam
324 5846 408 5901 licum
427 5848 623 5902 certarninatuna
648 5860 707 5900 esse
727 5856 855 5912 mertem,
876 5859 926 5899 nee
943 5859 1005 5900 esse

1058 4644 1362 4714 t21ree³rrrrloru111,nt
1380 4658 1432 4697 nec
1457 4653 1520 4697 tuuc
1545 4643 1653 4711 nuidcm
1678 4644 1759 4699 vellet
1775 4650 1849 4701 acc-i·

1057 4751 1121 4807 pere
1135 4751 1196 4788 cum
1217 4745 1320 4803 egeret.

1096 4847 1105 4880 ι
1130 4827 1195 4882 Nam
1220 4829 1291 4897 tptttttl
1310 4827 1374 4880 nitri
1391 4827 1496 4889 aluerat,
1518 4829 1715 4896 suppleterrtul
1740 4831 1848 4891 iratres.

1056 4925 1102 4993 qtti
1120 4931 1253 4976 venerunt
1265 4920 1299 4974 de
1314 4919 1480 4974 Macedonia.
1502 4939 1512 4972 ι
1526 4920 1576 4986 Qui
1590 4938 1641 4974 raon
1653 4924 1846 4984 ocettrrcbun,

1057 5017 1183 5071 rrranibns
1200 5017 1337 5069 adtirandu
1349 5013 1459 5079 iratres,
1471 5031 1540 5082 qnos
1557 5026 1692 5068 trorernnt
1702 5016 1783 5070 luleus
1796 5035 1846 5070 ure

1058 5109 1300 5179 pseudoapostolus
1343 5119 1532 5176 sussceperant,
1565 5109 1631 5178 qtrin
1667 5109 1721 5162 irno
1757 5114 1850 5164 rinec-

1058 5202 1134 5255 bant.

1098 5310 1106 5341 ι
1130 5291 1160 5344 tlt
1185 5291 1212 5343 iu
1237 5291 1364 5345 ornuibus
1391 5291 1449 5345 sinc
1466 5307 1549 5346 oriere
1567 5308 1609 5345 tne
1629 5293 1704 5346 rolris
1731 5292 1850 5356 servm-t,

1057 5395 1084 5439 ct
1103 5388 1230 5438 servabo.
1252 5404 1260 5434 ι
1279 5384 1397 5450 Qrtattdn
1412 5385 1535 5440 insumus
1551 5399 1599 5438 rus
1616 5385 1778 5439 imbueritis.

1096 5499 1105 5531 ι
1128 5479 1175 5533 Est
1191 5480 1293 5533 veritas
1306 5478 1408 5532 Ciuisti
1426 5479 1451 5531 in
1469 5493 1521 5532 ιιιε.
1546 5496 1556 5528 ι
1571 5477 1649 5531 Sicut
1664 5477 1790 5532 Christus
1807 5493 1850 5531 se·

1057 5574 1109 5627 rutel
1135 5575 1240 5636 statuit,
1258 5589 1307 5625 racc
1334 5577 1453 5641 erogauit,
1477 5587 1589 5626 neccsse
1604 5581 1646 5625 est
1659 5581 1687 5626 ut
1705 5573 1851 5641 aliqnando

1057 5683 1111 5719 uun
1129 5666 1260 5720 titinnitus
1276 5667 1311 5717 ita
1328 5665 1437 5719 lantiam.

1096 5776 1105 5808 ι
1124 5757 1258 5822 Quottiunt
1281 5761 1336 5811 llaec
1361 5760 1487 5828 gloriatio
1504 5776 1558 5815 non
1584 5760 1746 5829 ittiringctnt·
1764 5758 1790 5810 in
1809 5771 1852 5810 ιιιε

1058 5848 1085 5902 in
1131 5848 1290 5918 regionibus
1317 5852 1437 5906 licitene.
1474 5871 1483 5902 ι
1517 5853 1711 5907 Gloriationcm
1742 5857 1853 5920 propter
