4109 6434
145 472 202 536 uit
656 482 862 544 Excoshto
883 483 924 543 itt
942 481 1063 548 hulst.
1085 484 1100 544 1
1121 485 1171 545 hh
1187 483 1352 547 itheth.
1724 491 1778 554 9‘26

184 609 196 644 r
218 589 272 646 Sed
296 588 449 660 murrrplorn
473 601 532 646 esto
565 591 694 649 hdelhnn.
716 615 725 647 s
749 594 864 648 Parrum
890 604 971 662 estg
1022 597 1103 661 «ουκ
1117 606 1207 651 autem
1220 611 1282 652 rere
1300 598 1380 652 vidua
1397 604 1450 661 est,
1465 606 1492 652 et
1504 598 1635 666 desolata,
1645 615 1733 670 speret
1751 606 1778 660 iu

145 681 296 739 infidelium
311 697 372 738 esse
396 681 511 737 formam
526 698 533 738 :
551 685 620 753 apud
653 702 722 753 quos
739 687 786 755 qui
810 687 935 755 graviora
991 685 1085 748 henin,
1098 697 1125 739 ct
1135 687 1215 740 instet
1226 687 1462 741 obsecrationibus
1477 698 1504 743 et
1514 690 1682 744 orationihus
1696 703 1776 747 nocte

145 776 260 832 crimina
277 776 438 843 nonhabet,
454 791 567 846 magnos
591 777 715 832 hahetur.
734 775 791 831 lloe
819 776 933 829 rrrcltnrn
988 774 1401 841 acdie.reraiiseratArura
1422 777 1477 833 hila
1506 777 1628 833 Phanuel
1664 778 1692 850 (l
1712 780 1776 852 fleg.

144 872 340 934 essentialem
359 884 389 925 se
412 870 549 936 exhibeat,
567 883 616 938 per
637 884 719 940 quern
736 870 818 925 etiarn
847 867 935 922 sancti
987 877 1007 928 t,
1023 863 1063 932 2),
1081 866 1147 920 tales
1163 866 1423 936 precipithonorari

1026 973 1036 1006 r
1056 955 1123 1009 liam
1140 972 1199 1026 qnae
1211 960 1238 1013 in
1253 959 1359 1014 deliciis
1377 969 1422 1014 est
1451 961 1556 1025 virens,
1575 969 1744 1018 mortuaest.
1763 980 1773 1016 r

986 1044 1123 1114 Quidquid
1136 1053 1244 1104 rurodurn
1260 1060 1364 1104 naturae
1373 1050 1490 1115 excedit,
1503 1050 1607 1106 deliciis
1619 1051 1774 1119 deputatur.

987 1137 1270 1197 llicrnaximenostri
1300 1145 1429 1212 temporis
1462 1143 1558 1198 viduas
1588 1144 1683 1212 tangit,
1715 1158 1776 1213 qriae

986 1246 1047 1284 curn
1061 1231 1197 1286 hominem
1211 1248 1267 1288 suae
1287 1245 1389 1288 naturae
1414 1236 1596 1303 qualicunque
1619 1251 1707 1304 panno
1721 1253 1773 1289 rrun

986 1323 1113 1390 vestiant,
1126 1325 1243 1393 parietes
1258 1326 1385 1395 pretiosis
1398 1341 1562 1381 nrarmorunt
1578 1329 1679 1384 crustis
1694 1345 1774 1384 cror-

987 1420 1076 1472 nanti.
1106 1445 1108 1448 ·

1025 1526 1035 1560 r
1068 1510 1103 1564 ht
1118 1513 1169 1566 hoc
1194 1513 1322 1581 praecipe,
1337 1525 1366 1569 ut
1390 1516 1643 1586 irreprehensibiles
1668 1522 1733 1573 sint.
1761 1537 1771 1571 r

986 1596 1138 1655 Notandum
1169 1604 1422 1671 irreprehensibiles
1443 1624 1489 1664 eas
1519 1619 1573 1665 tam
1589 1624 1774 1681 persequatur

986 1693 1174 1748 essedehere.

1024 1785 1076 1840 rSi
1090 1788 1253 1853 nurisautem
1271 1803 1395 1854 snorum,
1412 1797 1440 1844 ct
1467 1790 1584 1844 maxime
1610 1790 1775 1847 domestico-

986 1892 1057 1940 rtrrn,
1069 1892 1162 1931 curam
1178 1893 1231 1932 non
1245 1881 1334 1944 habet,
1347 1882 1426 1935 hdem
1454 1883 1614 1949 negatrices
1640 1893 1682 1937 cst
1710 1883 1774 1936 inh-

144 959 301 1032 proiciunt.

184 1073 194 1106 s
223 1055 253 1110 lo
285 1053 384 1116 uerbo,
413 1051 441 1108 in
466 1053 684 1108 couversatione.
708 1071 719 1104 a
763 1052 835 1108 lllhii
862 1051 935 1106 aliud

144 1149 233 1217 niagis
249 1147 477 1213 teruennenses
502 1144 609 1200 Domini
643 1144 766 1200 verbum.
783 1142 935 1199 Notandum

142 1240 207 1310 qrria
224 1237 347 1293 lldelihus
358 1237 439 1291 etiam
453 1235 527 1291 verbi
541 1236 661 1306 praehere
679 1237 753 1304 cupit
768 1234 934 1303 exemplum.

182 1329 238 1384 sln
268 1330 439 1384 charitates
470 1328 507 1384 Ut
531 1326 754 1397 enenrpluntiilis
784 1324 935 1381 dilectionis

99 1414 107 1426 ’
122 1454 126 1475 .
141 1423 280 1479 ostendat.

179 1513 239 1570 clu
261 1514 324 1570 hdo.
345 1533 354 1566 r
372 1514 522 1577 Catholici,
539 1512 581 1566 rel
605 1512 734 1581 perlecta.

181 1629 192 1661 r
209 1607 240 1663 ln
251 1608 386 1662 castitate.
403 1626 412 1658 r
430 1606 529 1660 llentis
547 1615 574 1658 et
600 1603 723 1672 corporis
743 1618 750 1656 ε
768 1599 846 1670 cuijus
869 1599 937 1654 insl-

142 1703 208 1775 guia
225 1704 307 1756 etiarn
328 1699 461 1769 grauitate
476 1697 587 1750 habitus
602 1695 795 1764 praeferuntur.

180 1813 190 1845 r
217 1793 286 1847 huin
310 1792 401 1856 verrio,
420 1789 530 1843 attende
549 1786 671 1862 lectioni,
701 1779 884 1839 exhortationi
908 1791 936 1835 et

141 1886 311 1941 doctrine.»
336 1880 401 1943 Fac,
432 1881 501 1950 lege,
528 1877 675 1932 exhortare
699 1883 727 1928 ut
751 1874 816 1926 hant
832 1889 839 1926 :
855 1874 934 1933 «iore,

85 2018 91 2025 .
140 1977 279 2047 prrornodo
306 1974 492 2045 intelligantur
523 1971 709 2024 ohscuratut
746 1963 849 2033 possint
876 1959 1039 2022 desibodi
1055 1969 1185 2024 deterior.
1207 1969 1263 2024 »Si
1277 1973 1338 2038 uuis
1354 1973 1450 2030 uiduus
1467 1974 1571 2044 abjicit,
1586 1983 1632 2027 ant
1646 1974 1773 2043 pupillos,

140 2083 203 2139 ortae
221 2067 359 2134 leguntur.

179 2177 188 2209 r
208 2157 266 2210 Noli
293 2153 427 2225 negligere
449 2151 576 2221 gratiani,
595 2163 655 2219 quae
673 2157 714 2202 est
729 2147 755 2201 lu
786 2156 822 2199 te.
841 2163 851 2196 ι
877 2141 931 2196 Nc·

138 2250 217 2323 gligit
230 2247 356 2320 gratiam,
372 2245 417 2314 qui
432 2253 574 2312 acceptum
589 2242 719 2296 talentum
742 2253 793 2292 nou
810 2246 930 2290 exornet.

179 2361 190 2395 r
206 2341 273 2408 Quae
284 2339 348 2396 data
362 2347 403 2392 est
419 2337 466 2391 tihi
487 2349 535 2404 per
559 2333 741 2406 prophetiam,
758 2343 819 2384 com
846 2328 931 2394 impo-

138 2438 241 2491 sitione
264 2445 392 2487 manuum
414 2428 591 2499 presbyterii.
606 2442 617 2477 ›
634 2421 789 2492 Prophethe
814 2420 930 2489 gratiam

142 2529 273 2593 habehat,
291 2540 352 2580 cum
369 2522 542 2579 ordinatione
556 2518 741 2587 episcopatus.

180 2637 191 2672 ι
209 2613 424 2672 ilaecmeditare.
444 2627 454 2662 ι
470 2609 566 2666 Omnis
580 2606 654 2662 enim
670 2604 810 2676 proiectus
822 2616 856 2657 ex
873 2615 925 2656 me«

139 2711 275 2770 ditatione
290 2704 443 2762 descendit.

177 2802 293 2857 rlnhis
320 2807 414 2855 esto.»
447 2794 505 2851 Non
533 2792 605 2850 enirn
648 2789 809 2861 propinqui
826 2788 854 2843 in
886 2787 929 2842 his

136 2909 194 2964 est,
207 2897 365 2951 meditatur.

179 3009 188 3042 r
214 2987 248 3043 Ut
263 2985 399 3057 proiectus
426 2994 489 3038 tuus
511 2977 671 3035 manilestus
697 2977 732 3032 sit
759 2975 925 3030 omnihus.»

135 3083 217 3137 'l'unc
233 3079 392 3135 manifestus
406 3078 468 3144 erit,
484 3075 507 3133 sl
518 3075 545 3129 in
556 3071 732 3128 meditatione
746 3071 785 3125 sis
796 3082 924 3135 seraper:

136 3184 166 3229 et
180 3188 243 3227 curn
259 3170 419 3226 rnaollestus
432 3167 528 3235 lucris,
544 3171 671 3235 poterunt
693 3161 819 3231 exemplo
832 3170 878 3215 tno
894 3159 927 3213 nd

137 3268 253 3322 meliora
265 3265 408 3335 prolcerc.

179 3357 403 3414 rhttendcenim
419 3353 479 3419 tihi,
499 3365 527 3409 et
551 3349 684 3408 doctrinae
709 3347 780 3401 insta
810 3345 836 3399 in
863 3343 926 3399 illis.

136 3453 280 3511 llocenim
302 3451 414 3514 iaciens,
426 3457 454 3502 et
470 3449 584 3515 teipsum
604 3444 709 3499 salrrrni
735 3439 829 3501 iacies,
840 3449 868 3492 et
882 3453 930 3493 eos

134 3548 186 3619 qui
204 3555 231 3601 te
246 3545 368 3599 audiunt.
387 3541 503 3595 »Primo
520 3538 578 3603 tihi,
603 3536 702 3590 deinde
729 3532 861 3587 doctrine
876 3545 884 3586 t
900 3538 929 3581 nt

134 3644 241 3710 ubique
256 3647 283 3693 et
299 3645 361 3691 actu
389 3633 562 3696 salrcsillos,
589 3639 616 3685 et
639 3628 762 3683 doctrina
793 3626 930 3694 pariteret

133 3732 273 3801 exemplo.

447 3793 559 3851 CAPUT
579 3792 612 3845 ll.

179 3933 189 3966 s
212 3913 352 3968 Seniorent
369 3926 403 3966 oe
420 3907 615 3976 increpaveris,
631 3904 677 3958 scd
695 3901 807 3956 obsecra
832 3908 861 3952 ut
881 3911 929 3966 pa·

131 4019 221 4065 trcnr.
240 4025 249 4057 r
267 4002 305 4059 Ne
316 4003 427 4071 indigne
444 4000 534 4053 lereus
548 4012 578 4052 se
597 4012 612 4050 a
627 3996 735 4066 juniore
764 4000 928 4059 correptum,

129 4107 326 4168 exasperetur,
341 4103 369 4148 et
386 4108 441 4150 non
457 4089 603 4162 proficiam
622 4088 669 4143 sed
696 4087 820 4149 obsecra,
836 4091 864 4138 ut
879 4095 929 4137 suo

129 4190 216 4262 quasi
236 4197 312 4257 pater
322 4185 447 4255 exemplo
471 4183 594 4239 institunt
608 4180 742 4250 jrrrrlores.

174 4300 184 4333 s
217 4276 334 4333 iuuenes
365 4287 395 4331 ut
424 4276 534 4340 fratres,
554 4272 650 4337 »Quia
676 4270 727 4323 hac
749 4268 793 4322 ria
817 4264 929 4321 liberius

129 4379 358 4434 commonentur,
376 4367 501 4423 sinuliter
515 4371 541 4419 et
553 4375 673 4419 sorores.

175 4464 277 4518 rhisus
289 4472 318 4516 ut
335 4470 446 4516 matres.
465 4457 555 4512 siluro
576 4455 650 4510 onrrtl
667 4451 830 4509 reverentia.

176 4578 186 4610 ι
203 4556 370 4612 iuvenculas
383 4562 412 4610 ut
426 4566 547 4616 sorores,
563 4552 591 4606 ln
611 4550 686 4604 onrni
711 4551 848 4606 castitate.
870 4568 881 4601 r
896 4550 928 4605 Et

127 4650 250 4715 mentis,
267 4658 296 4704 et
312 4648 446 4716 corporis.

173 4759 184 4792 ι
215 4737 316 4792 itunae
347 4736 462 4790 honora.
481 4750 489 4784 r
511 4729 671 4788 Necessaria
698 4726 853 4799 praebendo,
883 4729 926 4781 rel

126 4831 235 4890 solatio
247 4827 428 4885 conlucendo.

172 4943 183 4974 t
206 4920 342 4987 Quaerere
354 4919 440 4974 ridusc
455 4927 531 4977 sunt.
547 4934 557 4969 ι
574 4916 635 4973 lilas
648 4930 726 4972 ueras
738 4915 765 4970 ri
778 4917 845 4971 duas
866 4928 927 4970 esse

126 5012 270 5078 definivit,
291 5026 352 5081 quae
379 5009 515 5065 urrirersis
539 5007 614 5064 curis
638 5014 727 5064 erutae
752 5016 826 5071 suist,
844 5017 871 5061 ct
892 5006 926 5059 ah

126 5105 261 5167 ornrtihns
278 5102 429 5159 desolatae.=

172 5219 182 5253 s
202 5196 232 5253 st
247 5213 306 5266 qua
322 5204 411 5251 autern
425 5193 506 5250 sidua
520 5193 591 5250 lilios
618 5201 665 5249 aut
692 5202 803 5263 nepotes
818 5190 924 5247 hahet:

127 5294 224 5350 tiiscat
235 5294 352 5361 primum
378 5291 486 5344 dotuutn
513 5302 590 5343 susm
624 5301 729 5355 regere,
744 5292 771 5340 ei
803 5294 925 5340 mutuans

128 5386 220 5440 ricem
237 5384 350 5437 reddere
373 5381 543 5450 parentibus.
560 5379 616 5434 linc
636 5379 707 5434 enlin
725 5387 865 5448 accepturu
885 5387 927 5433 est

128 5488 227 5528 corath
242 5470 309 5527 Deo.
329 5490 338 5523 r
355 5468 462 5524 Tattdiu
474 5471 543 5541 regii
571 5470 692 5532 demunt,
706 5467 826 5539 quandiu
845 5469 926 5523 docel

129 5566 205 5622 filios
221 5565 417 5635 parvulos,aut
443 5575 566 5633 nepotes,
585 5572 613 5616 ut
645 5565 715 5630 quod
735 5576 750 5615 a
771 5561 926 5631 piarentihos

127 5657 241 5730 pictatis
250 5657 364 5728 accepit,
380 5657 442 5712 illils
458 5657 552 5711 reddat
568 5672 575 5710 :
593 5656 628 5709 ita
644 5665 744 5721 tamon,
763 5665 792 5708 nt
807 5670 860 5708 non
874 5655 925 5709 hac

128 5747 311 5806 excusatione
325 5749 447 5802 avaritiae
459 5747 578 5811 studeat,
596 5745 643 5802 scd
665 5744 842 5800 strfficicntern
862 5752 925 5797 tan-

127 5852 186 5900 ιιιιιι
204 5840 257 5895 sibi
276 5849 407 5906 reservet,
427 5848 455 5894 et
470 5855 503 5892 nc
529 5837 623 5892 liberis
639 5837 698 5906 ejrrs
720 5835 779 5904 ipsa
803 5835 924 5892 occasio·

126 5949 193 5994 neu
211 5933 256 5991 dci
274 5933 373 5990 seculo
388 5929 533 5988 serviendi.

986 2059 1026 2115 rel
1043 2064 1163 2114 unanime
1176 2071 1302 2129 petentes
1318 2071 1346 2116 et
1358 2078 1502 2134 pauperes,
1526 2064 1644 2118 deterior
1674 2075 1714 2118 est
1732 2063 1775 2118 ln·

985 2150 1057 2205 hdeli
1075 2153 1159 2220 :quia
1175 2162 1201 2207 et
1217 2153 1256 2206 illi
1273 2136 1376 2208 ha‘hcnt
1401 2156 1564 2210 naturaliter
1577 2156 1650 2210 circa
1682 2156 1774 2224 proxi-

984 2254 1044 2294 mos
1066 2242 1206 2311 pietatem.
1220 2243 1294 2308 Sive,
1314 2247 1401 2315 siqua
1424 2247 1504 2300 sidua
1532 2245 1603 2301 illios
1634 2249 1773 2315 orphanos

985 2333 1112 2402 negligat,
1129 2333 1211 2403 hujus
1238 2337 1380 2391 sententiae
1402 2338 1508 2392 crimen
1540 2338 1669 2393 incurrit.
1685 2336 1773 2391 Simul

984 2429 1144 2494 trotandurn,
1158 2433 1290 2497 quosdam
1306 2432 1398 2486 ildeles
1410 2433 1530 2502 nornine,
1554 2435 1600 2504 qui
1621 2433 1773 2488 infidelibus

982 2525 1190 2576 conversatione
1201 2522 1307 2591 pejores
1320 2528 1394 2579 sint.

1021 2629 1031 2661 r
1051 2609 1135 2665 Vidua
1151 2614 1268 2682 eligatur
1282 2630 1334 2668 oon
1349 2617 1437 2670 minus
1460 2617 1603 2686 sexaginta
1626 2632 1771 2684 annorum,

982 2717 1042 2771 que
1057 2702 1138 2758 [uerit
1154 2705 1234 2761 unius
1253 2707 1304 2762 rirl
1318 2723 1397 2761 uror.
1414 2708 1519 2764 ›Taies
1536 2709 1621 2764 coluit
1633 2709 1695 2776 eligi
1712 2709 1772 2764 dia·

982 2795 1188 2867 conissas,quae
1210 2801 1338 2854 omnihus
1359 2815 1451 2854 esseut
1483 2802 1636 2871 ererupiorn
1654 2801 1772 2858 risendi.

1021 2909 1031 2942 ι
1050 2891 1078 2944 ln
1102 2893 1230 2962 operibus
1252 2893 1340 2948 honis.
1358 2913 1367 2946 r
1387 2894 1416 2949 Si
1439 2910 1473 2949 ex
1487 2905 1607 2965 ternpore
1635 2895 1775 2950 uiduitatis

982 2997 1038 3038 susc
1058 2984 1108 3037 ista
1122 2985 1213 3039 ornnia
1229 2986 1391 3041 custodivit.

1020 3093 1030 3127 r
1047 3075 1244 3131 Testimonium
1260 3076 1374 3143 hahens.
1396 3076 1495 3133 »Sicut
1515 3075 1630 3132 Tabitha
1648 3077 1719 3150 (det.
1732 3094 1771 3147 rx,

981 3167 1123 3238 hirspe).

1020 3277 1030 3310 ι
1050 3261 1077 3313 Si
1094 3258 1164 3314 tilios
1177 3259 1313 3315 educarit.
1336 3279 1346 3312 ι
1364 3260 1541 3329 subauditur,
1554 3264 1618 3319 lieo.

1017 3370 1027 3403 t
1046 3351 1074 3406 st
1094 3352 1212 3421 hospitio
1224 3354 1336 3423 recepit,
1350 3355 1372 3409 si
1390 3366 1547 3411 sanctorum
1562 3357 1646 3425 pedes
1663 3355 1738 3409 lavit.
1758 3372 1768 3406 r

981 3443 1008 3496 st
1023 3457 1077 3497 nou
1098 3444 1185 3498 solnm
1202 3445 1363 3500 humilitatis
1379 3445 1463 3502 hahet
1490 3447 1606 3519 insignia
1624 3464 1631 3503 :
1648 3447 1690 3503 cui
1717 3464 1771 3502 raon

981 3534 1081 3590 sreblcit
1096 3536 1212 3605 hospitio
1224 3539 1375 3605 suscipere,
1393 3539 1440 3593 sed
1456 3539 1540 3594 etiam
1555 3555 1636 3595 manu
1660 3543 1770 3611 propria

981 3629 1073 3683 latare
1089 3629 1226 3699 hospitum
1237 3631 1330 3700 pedes.

1018 3739 1072 3794 rSl
1089 3741 1292 3796 tribulationem
1322 3742 1489 3811 patientibus
1514 3744 1769 3802 suhrninistraiit.»

980 3830 1037 3887 lloc
1054 3843 1106 3900 cst,
1124 3834 1275 3890 incarcere
1290 3837 1395 3904 positis,
1413 3837 1454 3889 rel
1475 3838 1594 3906 egrotis.

1018 3942 1027 3976 r
1044 3923 1072 3977 Si
1089 3939 1169 3978 omne
1184 3939 1253 3992 opus
1263 3927 1361 3979 bonurn
1376 3927 1523 3982 subsecuta
1545 3936 1597 3982 est.
1614 3943 1624 3977 r
1645 3925 1769 3981 hreritur

980 4016 1106 4071 utriversa
1122 4015 1265 4071 conclusit.

1018 4129 1279 4185 ‹Adolescentiores
1302 4144 1392 4184 autern
1407 4130 1501 4185 viduas
1528 4132 1626 4188 devita.
1647 4132 1768 4186 iberita
1860 4135 1870 4149 ”

979 4221 1041 4276 aliis
1063 4221 1214 4276 ministerio
1240 4221 1400 4278 diaconatus
1423 4238 1639 4293 praeponeretis
1667 4225 1769 4278 malurn
1803 4199 1809 4215 ⁸

979 4328 1029 4381 pro
1046 4315 1116 4367 hono
1128 4313 1206 4367 detur
1222 4315 1388 4382 exernplurn.
1764 4305 1767 4310 ’

1017 4421 1028 4456 ι
1047 4404 1115 4460 Cum
1130 4404 1203 4460 cuim
1217 4405 1362 4461 luxuriatae
1378 4406 1489 4470 luerint,
1500 4407 1526 4460 in
1540 4406 1649 4462 Christo
1666 4407 1771 4461 turbere

979 4493 1081 4549 volunt.
1098 4496 1188 4551 silum
1203 4499 1297 4572 subeo
1317 4509 1436 4566 terripure
1462 4499 1599 4569 religionis
1619 4479 1769 4560 ¹abundau-

981 4586 1046 4640 tiarn
1064 4587 1219 4651 habuerint,
1234 4606 1295 4660 quac
1308 4605 1379 4659 saepc
1392 4591 1462 4645 solet
1470 4606 1600 4661 generare
1619 4590 1769 4648 luxuriant.

941 4667 967 4725 D
1020 4699 1030 4732 r
1061 4680 1198 4735 llahentcs
1222 4681 1513 4752 datrrrrationctn,qnia
1547 4684 1662 4755 primunt
1688 4685 1769 4738 [idern

978 4776 1084 4830 irritam
1117 4774 1278 4829 iecerunt.»
1303 4775 1370 4840 Quae
1395 4791 1425 4831 se
1464 4776 1561 4831 viduas
1583 4777 1767 4845 promiserant

900 4865 905 4872 '
977 4880 1182 4936 permansuras.
1198 4867 1262 4921 llaec
1293 4866 1384 4935 regula
1410 4883 1465 4923 uon
1494 4868 1585 4923 solum
1609 4868 1636 4922 in
1666 4869 1769 4933 uiduis,

979 4959 1026 5015 sed
1043 4960 1070 5013 in
1086 4959 1237 5029 virginibus
1249 4961 1464 5029 continentibus,
1478 4977 1538 5033 quae
1555 4964 1671 5035 primaru
1688 4964 1770 5016 hdetn

980 5050 1085 5104 irritam
1100 5050 1232 5118 lecerunt,
1252 5051 1429 5121 intelhgenda
1446 5064 1498 5110 est.
1519 5073 1529 5108 s

1016 5179 1027 5214 r
1049 5160 1135 5216 Shnul
1154 5171 1244 5216 antem
1259 5172 1286 5218 et
1301 5163 1397 5219 otiose
1410 5165 1519 5221 discunt
1543 5166 1688 5223 circumire
1719 5168 1769 5223 do-

978 5267 1049 5307 rnos.
1070 5270 1079 5302 r
1102 5249 1197 5305 llltino
1211 5253 1322 5308 minime
1347 5254 1444 5309 titrrore
1457 5256 1582 5324 deteutae,
1599 5274 1649 5314 nec
1674 5259 1769 5315 mariti

978 5344 1109 5414 potestati
1121 5342 1264 5412 subjectae,
1278 5345 1406 5417 nullaque
1417 5363 1482 5403 cura
1507 5349 1662 5407 domestice
1686 5366 1769 5408 occu·

977 5437 1096 5506 pationis
1108 5438 1240 5492 astrictae.

1015 5578 1025 5611 r
1044 5556 1102 5612 Non
1121 5559 1208 5614 solum
1233 5561 1337 5623 otiose.
1350 5562 1434 5617 sedet
1453 5563 1584 5627 verbosae,
1599 5573 1626 5617 et
1639 5565 1765 5630 curiosae,

978 5651 1204 5721 loquentemque
1223 5668 1276 5707 non
1293 5664 1407 5722 oportet.
1426 5672 1436 5706 r
1457 5655 1524 5709 hunt
1538 5655 1686 5712 uoluntatis
1711 5673 1768 5712 stine

975 5745 1091 5811 cupiunt
1110 5744 1230 5814 prebere
1244 5749 1408 5815 cremplurn.
1765 5736 1770 5745 ’

1015 5853 1025 5885 r
1045 5833 1113 5890 Volo
1127 5837 1350 5906 arnenrJnniorcs
1368 5839 1481 5904 nubere,
1498 5839 1567 5897 lliios
1584 5857 1762 5912 procreare·

977 5925 1046 5982 Volo
1064 5942 1072 5985 ι
1087 5928 1150 5998 quia
1163 5944 1274 5986 necesse
1289 5940 1331 5989 cst
1346 5943 1374 5987 ut
1398 5934 1465 5989 tales
1480 5943 1543 5991 aute
1572 5937 1626 5992 icoc
1648 5934 1777 6005 (adsint.
