4109 6434
188 452 244 515 ess
716 453 904 515 ertsrom
927 456 1060 520 xxxiv.
1085 462 1133 520 ue
1154 464 1309 528 renuas,
1772 469 1825 538 est

189 559 566 617 fidutiiiidexlrlssssilffiissi
584 577 647 617 ium
666 566 768 620 sinclis
789 567 1201 639 suisetdicettseuuamur,
1236 579 1369 636 rationem
1399 582 1586 645 intelligentiae
1615 585 1748 653 simplicis
1770 602 1824 640 uon

190 650 286 706 robis:
304 650 542 715 Venitc‚benedicti
558 652 649 707 Putris
666 656 725 717 orei,
740 656 865 724 percipite
879 670 985 725 reanum
1038 669 1195 723 admistum·
1224 670 1291 725 Nam
1321 674 1412 728 pipam
1431 675 1579 742 „pienum
1597 678 1665 746 regis
1690 693 1825 747 summo.

189 748 387 807 Wl’flf‘ii'imr
402 745 472 811 ‘limi
484 746 646 814 l’foel’mii'i
662 743 733 796 ”⁰05³
749 743 831 797 ΡΜ
847 760 919 796 miii
941 743 985 812 ‘li‘i
1038 759 1150 813 iuudum
1165 762 1192 816 iu
1207 763 1289 832 lrttjus
1304 777 1422 821 extrema
1434 768 1525 822 saeculi
1538 770 1656 835 regione,
1668 769 1744 835 otrasi
1754 777 1823 821 teru-

190 839 229 881 m
247 831 274 882 ¹⁵1³
289 834 361 884 ‘⁰2¹¹‘
386 832 491 897 ifflfliih·
509 849 572 900 Ην,
589 833 645 902 Mi·
668 831 777 901 ¹¹¹l¹¹S¹i⁵
805 846 895 888 aulem
913 837 986 888 (Μ’
1037 851 1108 917 plum
1126 868 1177 906 suo
1191 855 1301 909 uoutiue
1323 869 1522 921 dinumeratum,
1537 860 1605 912 iutra
1619 860 1736 912 ciuitatis
1754 860 1823 913 alte·

189 932 236 975 ¹¹¹¹
256 921 457 994 *Milonem
476 935 705 996 circumuento
729 925 985 996 ΡῑῑῑιηῑΝῑῑῚῚΡ(ιω
1036 942 1091 994 rius
1104 945 1203 998 uroeuia
1217 945 1372 1003 collocavit.
1384 948 1466 1019 (liujus
1484 951 1651 1004 constructio
1664 960 1743 1020 atqtte
1755 965 1823 1018 opus
1889 966 1899 983 ι

190 1030 265 1070 Μ*
278 1016 384 1069 d50⁶⁰¹⁰
398 1026 422 1069 θ’
437 1017 537 1087 “iiiiii
553 1018 609 1086 ‘lii‘
630 1019 838 1089 (1⁶³‘¹·4¹i·0i¹'
854 1020 922 1086 ‘9³¹5‘
932 1034 983 1071 '¹⁰²¹
1035 1036 1159 1102 quamvis
1173 1038 1345 1107 magnifieum
1360 1040 1494 1105 sileatur,
1510 1041 1623 1095 interior
1637 1052 1724 1094 tarrteu
1734 1042 1824 1095 aditus

189 1109 636 1175 “flii'ffloefflbei”irminwini
659 1128 709 1163 ''⁰''
737 1113 862 1164 Willis
888 1111 981 1182 iiim·
1035 1141 1088 1179 non
1107 1129 1234 1182 oumibus
1253 1133 1583 1187 reseratur.blrrltieuim
1598 1135 1824 1186 miraotnrorna·

191 1214 230 1260 ¹¹,
249 1198 306 1265 ld).
328 1199 399 1275 TW
425 1201 580 1270 ''humilii''
605 1205 633 1256 ¹¹⁸
655 1206 734 1257 eitam
754 1217 892 1263 ffli‘i'fflm·
906 1205 983 1272 impii
1035 1228 1125 1271 ureuta
1146 1219 1275 1274 uitiorum
1295 1224 1365 1275 :sed
1382 1223 1522 1278 interioris
1539 1222 1760 1278 seientireaditus
1776 1236 1821 1277 re·

190 1301 280 1344 orrtcm
298 1303 321 1345 ct
339 1309 488 1362 peccatores
506 1299 533 1348 iu
548 1298 635 1366 ionem
649 1310 774 1350 oeternum
793 1295 903 1368 illottlr.
917 1311 981 1353 xxv.
1033 1326 1128 1365 §mse
1144 1326 1195 1364 „0⁰
1209 1323 1334 1380 possum,

189 1380 249 1451 ts).

252 1516 412 1573 ttonuuu
432 1518 464 1572 m
483 1520 684 1576 uotsrouuu
700 1521 919 1589 suoueuruu.

228 1644 391 1716 Prodigiosae
405 1650 592 1706 inibutientiae
621 1653 758 1707 lroruinem
784 1652 914 1707 Erasmus
930 1667 980 1706 ro·

187 1726 235 1769 eat
265 1719 345 1788 tnrjus
363 1731 501 1774 auctorem
529 1722 675 1787 epistolae:
700 1739 760 1790 que
779 1733 868 1777 tarrren
901 1724 980 1777 uobis

188 1789 326 1911 :izrdrrcitallra
337 1790 507 1859 superiorum
517 1793 620 1861 aliquot
630 1809 740 1847 eeusruu
751 1805 832 1861 atqrre
842 1793 978 1860 ingenium

428 1977 597 2034 tuterunt
618 1978 731 2034 XXXIV

346 2090 385 2143 De
400 2093 512 2146 diuersis
527 2094 665 2162 eructibus
680 2095 826 2162 leprarum.

225 2203 247 2260 l.
266 2204 433 2260 Admirabile
449 2205 546 2260 diriore
561 2207 747 2276 dispositionis
763 2225 878 2265 examen
900 2225 982 2280 :qne

186 2296 315 2351 exbiberi
332 2297 383 2352 sibi
397 2297 470 2352 Deus
483 2313 514 2354 rc
527 2298 626 2354 delerri
644 2302 738 2365 voluit,
757 2316 854 2372 magun
867 2304 981 2357 consilio

186 2399 218 2443 et
244 2389 337 2444 solerti
364 2391 477 2446 scientia
503 2408 535 2446 ae
566 2394 672 2447 ratione
696 2395 846 2449 mandarit.
871 2395 980 2450 Diversa

189 2481 266 2534 euim
287 2481 426 2536 bominum
441 2484 562 2537 rnoribus
571 2500 670 2554 genera
681 2496 854 2551 naturarum,
866 2486 982 2542 dirersis

188 2575 284 2628 statuit
293 2583 491 2643 preceptorurrr
506 2555 812 2640 seuterrtiis'enberuari.
827 2577 895 2631 atus
909 2579 980 2632 enim

191 2665 385 2734 imaginarium
410 2668 658 2737 tensamentum
675 2671 727 2722 sub
749 2669 873 2724 veritatis
890 2671 982 2725 colore

189 2754 324 2824 depinxit.
339 2756 408 2811 Aliis
437 2773 536 2827 corpus
560 2758 647 2827 ipsius
670 2760 793 2815 ueritatis
820 2759 980 2818 declaravit.

189 2845 267 2914 Quos
293 2850 366 2903 eninr
397 2849 538 2904 obvolutos
568 2851 656 2905 adbuc
678 2851 769 2906 ttrnudi
794 2853 929 2922 caligine,
948 2854 982 2905 ad

190 2944 448 3014 comprehendenda
474 2958 506 2996 ea
530 2960 591 3014 quae
605 2959 734 3015 germana
750 2952 829 2999 erant
840 2960 872 2998 ae
885 2945 980 3010 subla,

189 3041 336 3110 perpendit
353 3056 360 3092 :
376 3039 417 3093 eis
433 3038 614 3093 observantie
640 3038 736 3092 ordine
755 3052 899 3107 suspenso,
914 3036 981 3091 sub·

191 3132 232 3186 tili
250 3130 451 3202 quodammodo
463 3130 599 3199 {examine
611 3131 783 3195 susurravit,
798 3146 866 3200 qrros
888 3137 980 3184 autem

1069 1399 1115 1454 lli,
1130 1400 1221 1467 Quare
1243 1402 1346 1455 oranda
1363 1411 1404 1456 est
1419 1403 1509 1456 divina
1525 1403 1658 1472 dignatio,
1671 1412 1700 1455 ut
1713 1402 1823 1469 putean-

1034 1493 1108 1548 tibus
1122 1496 1211 1560 uobis,
1228 1493 1414 1563 intelligemur
1433 1504 1554 1564 patescat
1575 1495 1722 1562 ingressus.
1738 1493 1822 1548 lube-

1034 1595 1078 1638 tnr
1095 1585 1178 1653 igitur
1194 1587 1300 1641 diuersa
1315 1587 1450 1657 leprarum
1468 1602 1567 1655 genera
1584 1587 1715 1641 sacerdos
1729 1585 1821 1652 templi

1032 1676 1177 1747 diligenter
1189 1678 1334 1747 inspicere,
1351 1687 1431 1746 atque
1446 1693 1542 1731 earum
1560 1678 1680 1741 babitus,
1696 1676 1736 1729 iel
1749 1674 1824 1729 eolo·

1032 1782 1087 1830 res,
1106 1768 1219 1835 pleniori
1234 1770 1455 1825 consideratione
1472 1768 1689 1837 deprehendere.
1710 1766 1732 1817 Α
1749 1764 1824 1820 colo·

1032 1859 1107 1912 ribus
1120 1859 1192 1912 euim
1208 1862 1281 1928 lepra
1297 1860 1415 1915 reiertur
1428 1875 1507 1929 posse
1518 1858 1639 1927 agnosci,
1650 1871 1719 1926 qrros
1730 1865 1821 1909 tarneu

1033 1953 1066 2005 ad
1090 1962 1230 2020 peceatum
1250 1954 1336 2022 iungis
1359 1954 1466 2017 aniuue,
1480 1967 1561 2021 quam
1576 1951 1608 2004 ad
1624 1951 1747 2003 morbum
1763 1962 1825 2002 cor·

1033 2046 1107 2112 poris
1135 2047 1309 2100 trianiiestum
1326 2058 1367 2100 est
1383 2048 1528 2114 pertinere.
1547 2044 1650 2098 Diversi
1664 2042 1763 2096 etenim
1777 2055 1824 2095 co·

1033 2135 1115 2200 iores,
1128 2138 1247 2191 diuersas
1261 2138 1342 2191 autimi
1360 2139 1484 2192 indicant
1504 2136 1636 2189 rnnertlas.
1654 2133 1722 2188 Cum
1740 2132 1824 2201 igitur

1034 2228 1132 2297 pallida
1159 2228 1231 2297 lepra
1253 2231 1429 2298 conspicitur.
1460 2229 1592 2297 languens
1611 2234 1637 2279 et
1665 2238 1736 2292 aegra
1755 2222 1823 2276 ddea

1033 2319 1130 2372 auiurae
1143 2318 1297 2374 denotatur.
1309 2317 1377 2373 Curu
1389 2331 1479 2372 nutem
1504 2317 1656 2371 rubicunda
1667 2314 1821 2384 depreben-

1034 2410 1117 2474 ditur,
1142 2425 1218 2464 mens
1242 2408 1335 2464 lurore
1354 2420 1434 2478 atqrte
1451 2409 1591 2463 iracundia
1608 2406 1774 2461 iussauuuata
1794 2413 1823 2459 et

1035 2499 1173 2554 lromieidii
1201 2515 1299 2554 cruore
1323 2514 1448 2568 respersa
1473 2497 1739 2568 cognoscitur.Cum
1758 2509 1823 2550 roro

1034 2592 1105 2652 alba,
1119 2600 1183 2645 tune
1196 2592 1385 2646 irreretieorum
1399 2593 1488 2646 lucata
1512 2601 1539 2646 et
1558 2590 1628 2645 ronle
1643 2588 1743 2644 munda
1755 2602 1822 2643 eon·

1033 2683 1147 2738 scientia
1164 2685 1377 2737 condemnatur.

1072 2773 1117 2829 ll.
1136 2775 1188 2830 Sed
1205 2777 1256 2830 alie
1273 2777 1345 2844 lepra
1359 2776 1387 2828 in
1403 2776 1502 2844 capite,
1513 2774 1566 2828 alia
1580 2771 1647 2828 oriri
1663 2770 1823 2842 perhibetur

1034 2867 1062 2922 iu
1077 2868 1172 2923 barba.
1182 2867 1252 2922 Sunt
1267 2870 1339 2921 eninr
1354 2867 1476 2921 baeretici
1490 2867 1535 2936 qrri
1552 2865 1636 2920 Deum
1659 2864 1767 2919 Patrem
1780 2864 1822 2917 ri-

1034 2960 1134 3014 dentur
1162 2961 1349 3014 tautummodo
1365 2959 1567 3028 blasphemare,
1592 2968 1622 3012 ut
1646 2957 1822 3020 llauicbaeus,

1033 3054 1079 3123 qrri
1099 3068 1152 3107 uon
1169 3054 1257 3106 solum
1271 3067 1332 3105 eum
1362 3053 1490 3105 inermem
1521 3052 1636 3119 denegat
1652 3049 1755 3113 muudi,
1773 3061 1823 3101 ve·

1034 3159 1093 3198 rum
1110 3146 1191 3198 etiam
1222 3144 1353 3197 rrraiorum
1378 3141 1520 3209 profitetur
1536 3157 1596 3196 esse
1622 3149 1771 3195 auctorem.
1789 3136 1823 3192 lli

190 3225 397 3296 ‘'elfeh‘ssdife
422 3240 501 3294 P⁰⁵⁸⁰
522 3224 676 3280 ²b⁸⁰¹¹¹²¹¹¹¹¹
701 3223 902 3295 lliaedicfflionis
922 3231 1016 3289 απ’(1
1034 3243 1099 3289 snut
1114 3235 1159 3303 qrri
1184 3235 1285 3300 lepram
1304 3234 1330 3285 iu
1351 3232 1440 3300 eapite
1454 3245 1561 3299 portare
1581 3231 1715 3285 ridentur.
1735 3226 1823 3298 Caput

190 3331 253 3370 roeo
267 3314 522 3384 agannensium
538 3316 685 3385 perlectam
699 3317 869 3371 harrnoniam
886 3315 979 3371 solide
1033 3324 1113 3386 enim,
1130 3322 1217 3389 iuquit
1235 3321 1391 3390 Apostolus,
1407 3319 1643 3393 viridunensem
1663 3318 1689 3387 (l
1706 3318 1769 3373 dor.
1783 3332 1823 3382 ιι,

190 3394 981 3479 vocisintouuit.ludeestquodlrgtuisetaenigmatibns
1031 3417 1071 3486 5,)
1100 3413 1166 3481 Quin
1182 3428 1246 3468 cero
1265 3414 1337 3482 lepra
1352 3413 1378 3464 in
1397 3412 1479 3466 barba
1496 3421 1632 3481 portatur,
1650 3412 1676 3466 bi
1699 3420 1761 3463 sum
1777 3410 1823 3478 qtti
1897 3392 1899 3396 ’

188 3501 231 3556 lex
258 3501 349 3569 prisca
376 3501 543 3570 depingitur,
563 3505 692 3574 quioniam
723 3504 785 3557 duur
814 3504 978 3560 iullrtualu-
1030 3510 1223 3577 blasphemare
1239 3505 1404 3560 sidenturiu
1425 3503 1535 3560 Filium.
1549 3505 1687 3558 Christum
1706 3503 1779 3558 euim
1793 3503 1821 3555 iu

188 3595 309 3648 dacorum
327 3594 401 3649 acies
417 3596 573 3660 bebetetur,
586 3605 614 3649 et
627 3596 773 3648 candidum
787 3596 908 3650 scientiae
923 3596 978 3651 cla·
1030 3601 1148 3653 adventu
1160 3596 1288 3666 pristino,
1302 3595 1416 3662 perlecti
1431 3594 1480 3648 riri
1493 3610 1580 3648 aeuum
1593 3603 1729 3662 aperirem,
1743 3589 1822 3660 qttasi

188 3686 279 3741 ritatis
300 3685 421 3756 rigorem
445 3686 605 3757 inspiciendi
623 3687 713 3742 lumen
730 3702 784 3740 uon
801 3686 912 3753 babent,
930 3703 977 3742 ue·
1030 3690 1184 3748 tricenariae
1192 3689 1405 3744 aetatisririlitas
1417 3689 1567 3743 decoravit.
1583 3686 1636 3741 Sed
1648 3694 1686 3747 et,
1700 3687 1723 3757 si
1739 3694 1821 3744 tctru.

186 3792 264 3832 cesse
285 3787 327 3832 est
343 3786 372 3830 ut
387 3777 413 3832 iu
431 3777 513 3832 variis
538 3778 632 3845 liguris
655 3777 801 3847 llgurnrutu
818 3779 892 3833 color
901 3778 977 3833 aditi·
1030 3783 1130 3852 iuquit,
1143 3792 1167 3833 et
1184 3781 1267 3835 liuida
1285 3781 1365 3850 [uerit
1378 3797 1386 3834 .·
1398 3780 1463 3850 quid
1480 3779 1552 3833 aliud
1568 3795 1648 3848 quam
1666 3778 1774 3831 lividam
1795 3785 1822 3830 et

187 3871 296 3926 beatur.
308 3871 377 3923 Nam
392 3869 622 3925 illisetvirtutnur
635 3868 755 3938 praemia,
767 3870 907 3940 supposita
918 3885 975 3938 spe,
1028 3876 1124 3930 litoris
1141 3874 1255 3928 uraeulis
1278 3872 1476 3928 exsecrandam
1508 3871 1648 3942 designat?
1671 3869 1700 3923 Si
1723 3879 1821 3930 autem,

187 3961 401 4030 prourittuntur;
427 3970 454 4015 et
475 3970 650 4030 peccatorum
679 3971 749 4014 notre
780 3960 924 4015 inuruntur
948 3962 976 4015 itt
1028 3967 1168 4033 ninnium
1189 3963 1269 4032 {uerit
1296 3964 1382 4031 lepra,
1400 3962 1583 4031 luuroutiqoe
1601 3959 1772 4022 idololatriae,
1794 3971 1823 4014 et

185 4065 316 4120 corpore.
344 4047 393 4104 llis
413 4050 485 4104 euim
512 4050 711 4104 coullrmantur
729 4049 785 4116 alii,
806 4051 905 4120 quibus
931 4050 975 4107 alil
1028 4055 1228 4112 saerilieiorum
1243 4053 1553 4108 nidoriburestuotata.
1567 4050 1597 4105 Si
1611 4048 1821 4118 auteor,iuquit‚

185 4144 403 4198 trarrsieruutur.
414 4142 540 4198 Praesens
556 4144 637 4198 lectio
646 4143 731 4213 erigit
741 4143 897 4210 huiusmodi
907 4143 977 4200 lerre
1029 4150 1126 4218 porcus
1138 4147 1212 4215 lepra
1226 4147 1318 4217 fuerit,
1328 4147 1527 4214 recooperuerit
1540 4160 1643 4199 onruenr
1658 4143 1750 4212 piorem
1762 4157 1823 4194 nra·

186 4250 343 4289 sermonem
363 4251 446 4301 :onae
471 4236 580 4290 diversa
605 4235 743 4306 leprarum
766 4250 865 4305 genera
881 4235 978 4306 depre·
1030 4240 1172 4294 culationis
1201 4257 1216 4292 o
1243 4241 1332 4307 capite
1347 4255 1429 4309 usquc
1448 4236 1482 4291 od
1494 4238 1582 4304 pedes,
1608 4232 1822 4288 uisusoccrdotis

185 4329 330 4383 beudeuda
346 4329 373 4380 iu
384 4327 499 4382 dirersis
515 4328 640 4381 materiis
653 4327 819 4398 designarit.
830 4328 889 4381 Alia
904 4328 976 4382 enirn
1030 4333 1233 4402 dijudicabitur.
1249 4328 1361 4385 diderit
1382 4330 1453 4383 eninr
1478 4326 1602 4383 sacerdos
1614 4342 1624 4381 .·
1635 4334 1661 4379 ct
1675 4341 1733 4379 ecce
1747 4325 1822 4391 lepra

184 4420 261 4488 lepra
280 4419 307 4472 iu
322 4417 474 4487 parietibus
490 4419 705 4482 demonstratur,
719 4417 770 4471 alia
795 4418 913 4473 humano
926 4433 978 4474 no·
1030 4423 1164 4492 cooperuit
1180 4438 1284 4476 omnem
1296 4420 1391 4490 pellent
1405 4420 1534 4487 corporis.
1556 4427 1580 4471 et
1596 4417 1732 4470 mundabit
1746 4414 1822 4468 ilium

184 4521 261 4566 tatur
276 4511 304 4564 in
322 4525 447 4576 corpore.
464 4509 516 4564 alia
532 4511 557 4563 iu
572 4510 700 4576 rasetrlis,
713 4511 766 4564 alia
782 4512 809 4566 in
824 4520 908 4575 reste,
925 4513 976 4566 alia
1031 4504 1155 4570 sacerdos
1170 4531 1186 4568 u
1204 4514 1392 4576 maculatione,
1407 4495 1531 4580 quoniam
1552 4510 1581 4563 iu
1604 4511 1692 4562 olium
1705 4506 1822 4561 mutabi-

183 4604 348 4672 desiguatur
366 4604 392 4656 iu
409 4603 538 4657 statmue.
562 4602 667 4657 Deinde
685 4618 746 4671 qrrae
774 4604 800 4655 iu
824 4605 978 4673 liuiusmodr
1035 4618 1087 4659 tur.
1105 4604 1199 4676 (Leuis.
1214 4604 1304 4669 titud
1325 4602 1426 4673 sequ).

181 4696 308 4751 vulneris
323 4696 393 4757 locor,
408 4697 502 4749 erebra
517 4711 548 4751 nc
565 4697 639 4750 varta
659 4696 781 4763 pellicula
799 4695 978 4765 deputantur.

182 4790 256 4856 Quid
284 4791 358 4843 euiur
383 4789 494 4844 dicanti
516 4788 569 4842 Tot
586 4797 650 4843 sum
667 4804 764 4857 genera
781 4797 848 4857 qrrm
859 4789 977 4856 colores,

182 4883 236 4933 alia
268 4881 378 4950 pallida,
405 4881 458 4934 alia
483 4888 565 4942 tetra.
585 4881 638 4933 alia
664 4881 825 4934 rubicunda.
843 4881 943 4934 lleirule
955 4885 977 4933 si

182 4974 311 5027 bourines
326 4971 412 5040 lepra,
429 4974 560 5039 uuellest
580 4971 693 5025 insitum
712 4983 818 5025 naturae
839 4972 981 5041 titiopol-

181 5067 307 5127 lnautur‚
331 5065 395 5132 quid
420 5065 445 5117 iri
464 5065 579 5124 iaciunt.
603 5064 651 5131 qui
678 5063 851 5132 gravioribus
878 5062 979 5117 morbis

180 5170 329 5224 corporum
349 5153 574 5223 praegravantur?
610 5165 622 5183 ·

161 5248 168 5257 “
219 5244 255 5301 ll.
268 5247 320 5300 Sed
332 5261 379 5315 age
387 5247 444 5313 jam
458 5246 598 5297 rideamus
611 5257 709 5311 genera
723 5243 908 5311 leprarum,ut
924 5256 980 5296 me-

181 5339 307 5393 delarum
321 5352 420 5390 causas
437 5350 584 5404 agnoscere
597 5345 679 5403 atque.
690 5336 808 5401 probare
824 5335 977 5403 possimus.

182 5430 214 5484 st
242 5428 336 5493 luerit,
358 5427 458 5496 iuquit,
477 5427 552 5495 lepra
571 5427 634 5480 alba
664 5426 707 5479 rel
731 5425 894 5484 rubicunda.
921 5426 979 5478 sire

182 5532 265 5587 tetra,
280 5521 322 5576 uel
345 5520 456 5591 pallida,
475 5520 518 5573 rel
545 5520 567 5573 si
592 5518 704 5581 lloreus,
718 5519 765 5580 ait,
780 5520 830 5571 boe
854 5528 896 5572 est
922 5528 980 5573 toto

179 5629 301 5683 corpore
320 5615 484 5669 decurrens.
499 5611 566 5666 Nam
582 5625 625 5666 est
636 5614 807 5667 detestabilis
821 5613 905 5682 lepra,
919 5627 979 5681 utrae

180 5710 297 5760 orrtnino
315 5706 442 5760 tnrrndari
459 5721 512 5761 non
528 5708 623 5777 possit.
638 5705 684 5759 list
700 5715 794 5774 etqua
809 5705 914 5758 irreilem
931 5706 980 5758 lra-

179 5800 247 5854 beat
272 5802 492 5855 inundationem.
512 5801 572 5853 tilia
600 5815 709 5868 qnoque
732 5797 879 5852 arlreutitia
899 5817 905 5852 :
925 5798 977 5850 alia

182 5889 281 5947 innata
296 5891 599 5959 deprehenditurzouee
618 5893 709 5947 omina
725 5890 776 5944 uin
795 5889 977 5958 spiritualiter

1071 4696 1102 4752 V.
1119 4698 1144 4750 lu
1161 4698 1212 4750 uae
1230 4699 1316 4766 lepra,
1337 4713 1417 4765 qtraur
1433 4695 1509 4764 quidsi
1531 4695 1620 4750 albam
1634 4704 1661 4748 el
1681 4692 1822 4747 florentem

1031 4790 1167 4859 designat,
1183 4790 1290 4841 diversa
1319 4788 1436 4841 crimina
1461 4789 1537 4841 uarie
1549 4787 1745 4856 deprehendit:
1759 4784 1822 4851 eruin

1031 4898 1094 4937 cum
1118 4881 1267 4935 nrrrudialis
1282 4882 1343 4934 vitae
1359 4881 1494 4951 uoluptas,
1514 4882 1592 4950 quasi
1608 4880 1721 4934 candida
1735 4888 1761 4933 et
1773 4879 1822 4930 llo·

1031 4987 1094 5027 rens
1121 4972 1303 5036 existimatur,
1321 4983 1376 5025 tuni
1400 4988 1483 5040 grave
1509 4973 1639 5026 uitiorum
1663 4974 1821 5039 contagium

1031 5069 1171 5127 grassatur
1186 5062 1212 5113 iu
1231 5076 1357 5128 corpore.
1371 5059 1438 5113 Nam
1454 5072 1503 5114 aut
1524 5062 1657 5126 araride,
1670 5071 1716 5114 artt
1733 5059 1821 5113 libidi-

1032 5150 1073 5202 nis
1104 5151 1217 5203 urarulre
1243 5151 1515 5220 perpatescunt-Sed
1546 5153 1616 5205 lrarte
1643 5151 1744 5219 lepram
1767 5149 1822 5202 eito

1031 5242 1098 5294 dicit
1119 5258 1198 5310 posse
1229 5243 1365 5296 rrtuurlari.
1391 5243 1521 5298 Auaritiae
1534 5245 1606 5299 enirn
1624 5244 1726 5298 eriuteu
1742 5241 1822 5294 laeile

1031 5348 1128 5387 curare
1142 5322 1240 5402 potest,
1262 5333 1322 5402 qui,
1344 5348 1493 5388 conuersus
1519 5334 1551 5384 ari
1577 5334 1769 5396 ltumiuuuuet
1788 5345 1821 5385 ea

1031 5439 1093 5493 rpuae
1103 5423 1256 5493 possederit
1269 5425 1447 5494 indigentium
1461 5424 1596 5477 nltnoniae
1608 5423 1821 5481 ministraverit:

1032 5517 1068 5570 ita
1087 5526 1115 5569 ut
1132 5515 1263 5569 lloruinus
1279 5517 1304 5569 iu
1320 5516 1466 5586 Evertrgebo
1481 5518 1540 5568 nit:
1562 5513 1657 5568 Verum
1679 5517 1739 5566 date
1753 5514 1821 5567 eiec-

1032 5625 1181 5679 nrorpnum.
1197 5618 1292 5661 cicccc
1307 5610 1395 5662 outniu
1412 5608 1483 5662 notu
1498 5611 1594 5661 inundo
1617 5616 1678 5659 rurtt
1691 5605 1766 5678 (Luc.
1783 5619 1821 5671 ιι,

1031 5702 1087 5770 Η),
1104 5700 1259 5755 Libidinem
1286 5716 1396 5769 quoque
1417 5700 1541 5754 celeriter
1562 5698 1691 5753 mundare
1709 5699 1820 5768 poterit,

1032 5784 1053 5850 si
1069 5795 1179 5865 jtiuuiis
1202 5793 1431 5863 frequentissimis
1447 5805 1475 5848 et
1486 5794 1653 5848 abstinentia
1665 5807 1765 5862 corpus
1779 5805 1821 5845 re·

1033 5888 1156 5944 tinuerit.
1173 5887 1226 5943 Sed
1241 5889 1283 5943 liis
1302 5886 1432 5943 omuibus
1443 5887 1574 5942 medelam
1588 5900 1636 5956 per
1651 5885 1820 5942 sacerdotem
