4109 6434
168 428 204 496 tl
590 435 780 498 EPISTOLA
800 436 850 501 vl.
872 435 923 498 ab
942 437 1097 499 AMICUM
1119 436 1318 498 usuotbtl
1334 436 1375 497 ll.
1761 435 1797 497 ιιι

170 555 269 603 mento
290 546 373 617 buius
401 547 470 604 lucis
484 548 630 620 attingere.
658 554 795 621 Quidquid
813 555 885 610 enim
900 570 958 609 am·
972 562 994 618 Α
1009 571 1091 627 qurum
1108 556 1259 625 subjectam
1287 555 1413 610 sensibus
1444 553 1662 616 introduxerunt,
1684 550 1796 606 discreti

170 640 247 708 plius
270 646 353 702 est,a
384 640 455 695 malo
482 651 537 708 est,
565 658 672 698 omnem
700 647 837 701 bominem
868 663 960 703 amare

170 731 253 798 quasi
288 732 413 796 fratrem,
433 733 535 788 nullum
563 734 793 800 tenerescere
822 739 960 805 munibus,

172 823 292 877 lormem
308 827 381 879 serti
406 827 545 882 sustinere
559 843 620 882 cum
654 829 781 896 llomiuo,
811 833 856 902 qui
881 833 960 888 nobis

171 923 275 980 preter
288 915 480 981 roioieterium,
497 916 568 986 qrrod
581 919 696 973 interius
710 922 876 986 continetur,
893 938 962 992 quo·

173 1007 242 1061 striis
257 1007 340 1062 servit
361 1009 387 1061 io
401 1011 502 1064 mundo
516 1014 691 1080 producendo
701 1015 798 1084 solem,
812 1016 961 1071 emittendo

171 1096 275 1161 luceru,
302 1099 408 1168 pierias
434 1100 614 1168 infundendo,
656 1115 777 1174 tempore
816 1108 960 1171 variando,

173 1187 268 1255 irriges
284 1188 324 1242 tel
339 1191 486 1259 gignendo,
503 1193 545 1247 vel
559 1196 731 1249 maturando.
752 1195 835 1250 Nobis
848 1198 918 1251 euim
933 1197 961 1250 iu

1011 666 1059 721 per
1076 650 1207 720 Spiritum
1221 659 1359 714 sanctum,
1376 659 1403 704 et
1421 649 1447 703 in
1472 647 1568 702 altiore
1589 647 1716 701 subducti
1733 661 1797 700 rere

1011 746 1068 796 rita
1087 744 1221 804 triremes.
1242 742 1294 796 boe
1307 752 1348 797 est
1362 756 1455 797 reram
1473 740 1634 812 sapientiam
1647 740 1795 808 sapientes.

1011 850 1066 899 que
1080 836 1195 890 stultitia
1214 836 1265 890 ista
1283 846 1356 889 earet
1378 833 1578 891 :recordemur
1590 832 1660 899 quod
1679 831 1795 885 mmrdus

1011 945 1045 986 ex
1060 931 1167 986 nibiloa
1185 931 1238 984 beo
1256 926 1343 981 iectus
1368 934 1422 990 est,
1434 933 1461 978 et
1476 923 1546 993 quod
1562 930 1658 977 currcta
1669 919 1796 975 anirnelia

1011 1020 1169 1091 perberim,
1192 1017 1281 1073 Verbo
1299 1015 1409 1087 opiiice,
1427 1023 1522 1068 uocata
1544 1020 1686 1077 venerumt,
1708 1027 1796 1083 quase

1012 1122 1111 1166 netttra
1124 1125 1175 1164 nou
1190 1110 1297 1163 luerunt
1314 1124 1321 1162 ε
1335 1106 1465 1176 quoniam
1479 1104 1529 1159 soli
1543 1103 1595 1174 ipsi
1609 1104 1650 1158 las
1664 1114 1706 1158 est
1718 1117 1799 1156 roce-

1014 1220 1044 1257 ιι
1067 1219 1129 1272 quae
1149 1217 1203 1255 nort
1222 1209 1296 1266 sunt,
1322 1211 1448 1267 tauquam
1478 1211 1509 1251 ee
1538 1212 1599 1265 quae
1616 1204 1701 1261 sunt3
1729 1196 1800 1264 quod

174 1277 262 1332 totius
279 1289 413 1335 creaturae
428 1280 509 1347 iacis,
532 1282 576 1337 rel
594 1285 720 1342 ubertate
736 1287 867 1352 deseruit,
892 1302 961 1357 quo·
1014 1298 1105 1365 ipsum
1133 1295 1270 1349 bominem
1306 1293 1349 1346 cui
1375 1300 1449 1346 teum
1478 1289 1616 1360 possessio
1641 1289 1800 1357 parebatur.

175 1371 251 1426 niam
268 1373 412 1439 pronubis
428 1384 525 1430 cuncta
538 1383 690 1444 generarit.
709 1379 762 1434 Sed
778 1389 808 1435 ut
823 1381 856 1434 ad
871 1379 962 1435 homi·
1014 1387 1048 1443 ed
1064 1386 1209 1456 imaginem
1223 1399 1300 1439 suam
1318 1398 1370 1439 non
1392 1382 1490 1450 aliquis
1506 1381 1686 1436 Prometheus
1702 1395 1733 1434 er
1758 1379 1800 1433 io·

178 1464 224 1515 ¹¹³⁸
254 1462 339 1517 ⁰⁰¹⁰ss
371 1475 552 1534 fmllffllllr
570 1470 672 1524 nudum
697 1481 798 1541 tegere,
814 1473 962 1529 &lembu-
1013 1481 1089 1545 bula,
1113 1481 1159 1535 sed
1179 1476 1568 1534 illeeonditorunirersitstis
1595 1487 1801 1542 manuquoque

176 1552 305 1614 rientem,
322 1553 458 1609 sitientem
483 1566 589 1623 potare,
620 1558 743 1615 iodrmos
771 1561 892 1628 visitare,
918 1566 965 1616 tri·
1014 1587 1190 1639 sumque
1222 1570 1489 1639 parsejusvnenret
1516 1567 1646 1632 irinobis,
1678 1566 1711 1620 de
1738 1566 1805 1619 limo

176 1641 268 1697 stibus
281 1644 436 1712 condolete,
460 1656 582 1703 mortuos
602 1651 728 1719 sepelire,
746 1652 814 1706 nihil
840 1656 909 1724 apud
935 1669 965 1708 se
1016 1672 1095 1716 terrae
1111 1660 1202 1716 iacere
1219 1661 1401 1731 dignatusest
1417 1674 1425 1714 ι
1439 1673 1499 1728 quae
1521 1657 1658 1724 cogitatio,
1680 1665 1710 1708 ut
1734 1654 1801 1714 disi,

177 1733 475 1802 ¹¹²¹10¹0d⁰³⁸i⁵¹¹¹¹mr
498 1737 716 1794 fledbmssissbb
746 1757 808 1796 turb
840 1744 964 1798 οιιιιιὶιιιι
1015 1755 1069 1807 vita
1092 1763 1134 1808 est
1160 1753 1280 1806 animae:
1306 1751 1433 1819 quoniam
1463 1750 1521 1805 itare
1547 1750 1633 1818 prima
1661 1755 1703 1801 est
1732 1747 1806 1801 ratio

175 1822 301 1893 iudlffll'e
313 1827 478 1892 mimmii·
493 1843 525 1884 ιθ
537 1839 603 1885 ιῑιιιθ
617 1833 764 1901 Ιιιθιιῑδὸιιιῑ
781 1835 883 1898 illese·
901 1851 962 1890 ⁰¹¹¹ss
1017 1847 1136 1910 risendi,
1151 1853 1180 1898 ut
1194 1843 1236 1898 eui
1254 1858 1283 1897 se
1307 1842 1404 1896 debeat
1425 1841 1527 1904 anima,
1545 1856 1598 1893 non
1626 1839 1732 1908 ignoret
1748 1856 1755 1893 :
1769 1853 1805 1893 ue

176 1917 274 1970 '3'0‘0
288 1918 438 1972 ’mimam‘
448 1919 520 1987 illis,
534 1923 643 1993 libiade
658 1928 807 1983 ῐθιθιιιιθῑθ
823 1945 885 1982 vum
901 1930 964 1985 aliis
1016 1939 1099 1992 elium
1121 1947 1219 2006 preter
1234 1936 1307 1989 bunc
1318 1933 1430 2001 decepta
1452 1943 1610 1996 veneretur,
1627 1945 1660 1986 ne
1673 1932 1736 1985 uitae
1748 1946 1804 1985 sue

177 2007 487 2080 ⁰¹⁰⁰3¹⁰f⁰¹⁰ss²¹fflffl
515 2015 571 2070 ¹¹20
600 2028 690 2072 ¹³¹¹¹⁰¹¹
707 2021 796 2076 adhuc
821 2023 965 2078 0¹¹⁰li⁰li⁸
1016 2030 1167 2085 ministeria
1184 2023 1804 2081 velutuitaeeuetoresadoret:rteiutantum

178 2102 300 2157 ¹¹⁰¹¹¹l¹¹l⁸
317 2102 476 2160 ¹5⁰0³¹¹¹0¹l¹³
493 2110 662 2171 ῡθιιιῑιιιιιιιῑ.
1016 2120 1151 2174 elementa
1171 2118 1295 2181 miretur,
1314 2127 1342 2170 ιιι
1357 2131 1408 2169 non
1424 2115 1504 2184 digua
1519 2114 1623 2181 indicet
1647 2130 1707 2183 quae
1732 2115 1805 2168 latete

215 2193 263 2248 ΙιΙ.
277 2194 412 2250 stelenum
429 2198 473 2252 illa
493 2198 633 2258 interioris
659 2203 781 2259 hominis
794 2207 847 2260 rita
861 2206 966 2262 indivi-
1016 2211 1167 2265 credantur
1184 2223 1192 2263 :
1210 2223 1271 2262 cum
1297 2208 1342 2262 iile
1367 2207 1455 2274 magis
1482 2207 1518 2263 sit
1538 2206 1727 2271 admirandus,
1757 2207 1804 2277 qui

179 2301 280 2342 narum
297 2303 386 2342 rerum
400 2291 554 2361 cognitione
569 2297 721 2353 consistit:
736 2314 788 2351 oon
802 2314 854 2367 qua
866 2299 964 2353 roelum

180 2395 263 2440 terrae
278 2398 355 2455 perte
370 2387 506 2456 volvatur,
521 2403 574 2442 noo
585 2404 619 2444 en
634 2393 771 2445 contrario
782 2407 863 2444 eursu
876 2392 964 2446 sidera

179 2478 338 2545 rapientur,
350 2495 403 2534 nou
419 2495 452 2535 en
463 2482 572 2536 Oceano
583 2497 693 2553 generet
709 2483 849 2552 plenitudo
862 2483 966 2536 lunaris

181 2581 371 2637 augimentum,
399 2587 453 2626 uon
470 2589 503 2627 an
515 2575 609 2630 orbem
630 2576 723 2629 mundi
738 2577 889 2630 rotunditas
908 2574 965 2642 ipsa

180 2664 344 2732 suspendat,
360 2680 393 2719 an
409 2665 597 2736 quadriforme
621 2668 724 2736 angulis
747 2667 967 2736 prominentiori·

180 2760 236 2810 ltus
252 2759 396 2828 astringat,
410 2775 444 2814 att
470 2775 538 2814 uuus
556 2761 613 2830 ipse
632 2761 747 2814 rutundus
763 2760 808 2824 sit,
827 2775 860 2813 an
875 2761 968 2831 piures

179 2851 249 2905 sint.
278 2850 344 2905 liam
361 2855 418 2907 baec
440 2854 473 2906 erl
489 2854 588 2909 animae
606 2869 659 2908 nou
677 2854 794 2910 trudunt
810 2854 967 2920 utilitatem,

180 2953 209 2996 et
225 2947 295 3011 apud
316 2942 398 2997 benur
422 2945 506 3000 stulta
531 2945 689 3017 iudicantur
703 2963 711 3003 :
726 2947 812 3002 sedin
827 2948 880 3002 illis
894 2950 968 3004 sanis

181 3033 404 3103 cogitationibus,
429 3038 580 3106 siquando
605 3049 737 3104 uersatur,
769 3049 831 3094 tuuc
848 3041 926 3103 tivit,
941 3049 969 3093 et

181 3123 317 3191 pascitur.
346 3123 412 3190 Quare
429 3137 493 3180 sunt
510 3134 599 3179 autem
613 3127 671 3180 istae
686 3141 760 3181 sarrae
771 3124 969 3195 cogitationesi

1019 2311 1072 2357 tam
1091 2301 1213 2355 mirando
1224 2301 1364 2370 produxit.
1384 2298 1406 2353 0
1423 2315 1504 2368 quem
1518 2308 1632 2368 auguste
1648 2296 1704 2369 [di.
1721 2313 1807 2369 augu-

1018 2406 1060 2450 sta
1072 2392 1083 2466 ]
1097 2408 1139 2449 est
1152 2395 1209 2448 boec
1226 2393 1317 2447 diviua
1332 2393 1472 2462 cogitatio,
1487 2401 1514 2446 et
1538 2407 1619 2460 quem
1635 2393 1698 2446 ritae
1726 2391 1806 2459 plone

1018 2487 1077 2542 esti
1097 2485 1264 2553 liquantum
1282 2487 1369 2555 ipsum
1385 2485 1526 2538 ironrinem
1542 2484 1576 2538 ed
1594 2498 1674 2537 omne
1683 2485 1806 2536 studium

1020 2578 1165 2649 probitatis
1192 2577 1316 2657 accendit
1335 2575 1381 2630 tu
1408 2582 1539 2642 qrreutum
1568 2574 1606 2628 illi
1635 2575 1806 2642 ntrtjestetem

1019 2671 1060 2724 sui
1085 2671 1260 2724 commemini
1279 2669 1411 2733 auctoris,
1439 2684 1500 2722 cuttu
1526 2666 1597 2721 eliud
1625 2666 1750 2721 illeuilril
1780 2667 1809 2718 iu

1017 2754 1145 2817 'creatura
1157 2761 1230 2816 omui
1248 2770 1346 2831 praeiet
1364 2775 1393 2815 se
1410 2775 1490 2814 utanrt
1508 2757 1554 2813 bet
1571 2757 1717 2812 formatum
1747 2770 1813 2811 esse

1020 2854 1179 2911 considerat
1205 2868 1260 2920 pou
1289 2861 1399 2917 terram,
1421 2865 1474 2905 uon
1492 2853 1589 2915 rtroria,
1619 2865 1672 2905 noo
1697 2848 1809 2910 coeluru,

1020 2964 1075 3002 nort
1092 2948 1210 3015 denique
1238 2946 1339 3007 sidera,
1362 2955 1414 2996 tam
1444 2944 1554 3006 rtrrruda,
1582 2953 1728 3012 tempure,
1754 2952 1809 2995 tam

1020 3042 1112 3096 lucida
1125 3059 1131 3095 :
1145 3041 1282 3093 bominem
1298 3038 1386 3093 solum
1405 3038 1548 3105 erriusdam
1563 3037 1621 3091 litui
1636 3046 1662 3089 et
1674 3037 1808 3105 grauioris

1021 3145 1048 3187 ct
1068 3130 1377 3192 sordidioriselemcnti,
1394 3129 1439 3181 ille
1450 3128 1597 3182 lormatum
1613 3129 1808 3193 essedertera,

181 3215 238 3271 ute
251 3216 311 3269 siue
339 3218 433 3281 dubio,
463 3232 525 3271 eum
543 3232 622 3272 mens
638 3226 730 3272 nostre
747 3218 789 3271 sui
808 3218 1003 3284 recordaturi]
1022 3224 1099 3293 cujrrs
1110 3224 1228 3277 dexterae
1241 3220 1456 3290 palmuscoelutu
1472 3225 1610 3273 rnensuret
1622 3218 1648 3271 in
1665 3232 1810 3275 mensura:

181 3309 393 3363 auctorisasset
412 3309 484 3363 illum
507 3308 578 3363 relut
591 3325 638 3377 per
651 3310 795 3379 qrtrundem
810 3309 970 3377 resipiscen-

183 3403 251 3456 tiam
265 3404 319 3468 sni,
338 3402 466 3471 opilieem
482 3418 560 3456 suum
575 3413 732 3466 ueneratur,
752 3416 783 3455 ee
797 3410 941 3454 contuetur
961 3418 969 3453 ι

181 3510 246 3549 curu
273 3494 334 3563 ejus
347 3509 442 3564 opere,
470 3495 559 3565 ipsum
585 3493 690 3563 ineius
715 3494 846 3562 operibus
878 3495 970 3547 uisura

183 3589 312 3652 miretur,
325 3586 433 3641 dicente
450 3585 624 3640 beetoPaulo
642 3602 649 3642 ;
666 3584 814 3639 inuisibilia
824 3587 895 3638 enim
910 3584 970 3652 eius

181 3699 199 3733 a
213 3689 338 3735 creatore
363 3679 466 3742 mundi,
483 3693 531 3746 per
542 3694 573 3732 en
593 3694 652 3747 quta
664 3678 736 3745 [octo
749 3686 811 3730 runt
836 3676 971 3731 intellecto

182 3777 390 3842 conspicientur,
406 3784 431 3828 et
460 3774 619 3841 sempiterno
643 3789 744 3844 quoqne
758 3772 815 3840 eiua
843 3774 924 3825 uirtus
947 3781 971 3826 ιι

181 3868 314 3921 diuinitas
342 3866 433 3937 (Reor.
455 3881 475 3933 ι,
488 3865 534 3936 ιθ)
557 3881 564 3920 :
585 3867 804 3930 idest,eume1
832 3865 972 3919 iuuueusis

183 3956 344 4010 visibilibus
357 3967 501 4017 creaturae,
531 3957 563 4009 nd
587 3957 795 4010 rrttircrsitetem
827 3954 972 4010 inuisibilis

1022 3316 1101 3385 eujus
1127 3316 1344 3386 pugillusterrae
1372 3314 1461 3382 spatie
1488 3324 1542 3366 tem
1561 3309 1666 3365 inbuite
1691 3308 1814 3377 iacentis

1023 3407 1138 3462 lneludit
1155 3425 1163 3463 e
1179 3407 1246 3461 teuti
1263 3405 1312 3461 luit
1327 3405 1403 3459 illurn
1417 3404 1503 3459 luisse
1519 3402 1595 3458 olim.

1059 3498 1104 3554 itt.
1137 3497 1284 3554 Videamus
1312 3507 1404 3550 tameo
1429 3502 1563 3564 quantum
1603 3494 1640 3548 illi
1674 3501 1811 3562 preterea

1022 3590 1170 3660 applaudet
1189 3590 1344 3660 benignitus
1361 3587 1512 3651 creatoris,
1525 3603 1587 3657 quae
1604 3603 1656 3642 nou
1675 3588 1750 3642 iilum
1775 3586 1809 3640 dc

1024 3681 1161 3737 sideribus
1177 3681 1278 3744 eileeit,
1293 3680 1424 3748 quoniam
1441 3680 1463 3733 si
1480 3688 1553 3734 esset
1568 3680 1630 3733 iude
1648 3688 1768 3744 creatus,
1779 3679 1814 3733 de

1025 3773 1145 3827 meteri-e
1158 3773 1249 3841 potius
1262 3771 1398 3836 claritate,
1416 3772 1547 3839 quamde
1573 3771 1689 3825 artificis
1718 3772 1813 3838 iligne-

1024 3866 1098 3921 tione
1112 3863 1238 3933 polleret,
1257 3878 1320 3918 cum
1334 3864 1425 3916 minor
1441 3863 1499 3931 ipse
1511 3863 1553 3917 sui
1569 3863 1693 3930 corporis
1707 3862 1813 3930 origiue

1024 3956 1173 4014 rideretur.
1192 3958 1215 4007 si
1240 3953 1274 4007 de
1299 3953 1459 4007 coelestibus
1488 3954 1576 4008 lactus
1603 3953 1637 4006 ed
1677 3962 1816 4005 terrarum.

181 4047 327 4102 creatoris
341 4047 525 4111 extendimur,
539 4055 566 4100 et
579 4047 655 4100 illum
673 4062 721 4115 per
744 4047 803 4100 liaeo
818 4046 882 4098 dum
906 4045 973 4099 inae·
1023 4046 1125 4099 cultum
1142 4043 1322 4100 deduceretur
1335 4042 1369 4096 ed
1391 4053 1478 4098 terras
1492 4062 1499 4097 ι
1511 4044 1554 4097 cui
1572 4053 1643 4097 esset
1666 4042 1818 4111 gloriosius

182 4139 351 4195 stimabilem
365 4139 506 4203 discimus,
518 4139 698 4203 aestiuramua,
714 4153 774 4192 cum
804 4139 863 4205 cius
876 4139 973 4192 altitu·
1025 4153 1086 4190 tuot
1101 4134 1220 4191 intutum
1236 4136 1270 4189 de
1282 4137 1365 4188 bumo
1376 4136 1523 4197 excitatum
1544 4133 1681 4187 sideribus
1698 4133 1814 4201 imponi.

183 4231 278 4283 dinem
302 4241 350 4298 per
365 4229 466 4281 donum
482 4227 600 4297 Spiritus
614 4231 702 4282 sancti
718 4229 873 4282 evolventes
892 4229 972 4297 ique·
1025 4227 1123 4293 Suum,
1144 4229 1267 4297 iuquam,
1283 4226 1357 4282 [leus
1372 4237 1477 4290 noster,
1491 4241 1569 4281 suum
1595 4224 1704 4294 proprie
1730 4225 1816 4280 vtrluit

185 4324 261 4375 triam
279 4321 336 4387 ipse
353 4320 428 4374 solus
451 4335 503 4374 uos
518 4320 544 4373 in
565 4320 666 4390 ipsum,
683 4321 728 4388 qui
750 4335 782 4373 ex
799 4321 857 4388 ipso
871 4331 913 4374 est
930 4321 972 4372 iu·
1024 4335 1087 4376 esse
1103 4321 1174 4389 quod
1189 4334 1295 4383 suerrus,
1310 4319 1379 4374 nibil
1404 4318 1535 4380 materiae,
1558 4317 1626 4372 nibil
1660 4318 1815 4382 elementis,

188 4413 319 4465 trornittit
331 4412 423 4465 outnie
438 4411 572 4480 principia
584 4420 717 4466 crenturae
734 4411 885 4481 surgentis)
903 4427 972 4480 que·
1025 4410 1093 4464 nibil
1110 4410 1275 4479 quibuslibet
1288 4410 1441 4479 principiis,
1455 4410 1497 4464 uei
1510 4410 1627 4478 magnis,
1641 4409 1682 4462 vel
1694 4409 1822 4463 minimis

186 4505 212 4559 si
228 4501 293 4558 laeti
318 4503 428 4573 abipso
453 4505 604 4557 anteriores
627 4504 787 4574 aspicimus,
802 4515 829 4557 et
851 4519 912 4557 eum
941 4517 973 4557 eu
1029 4515 1079 4555 nos
1099 4500 1210 4556 debere.
1228 4500 1294 4568 (ιιι
1306 4510 1404 4557 cuncte
1417 4503 1440 4557 si
1453 4510 1594 4567 retractet,
1612 4510 1639 4556 et
1656 4503 1683 4555 iu
1695 4516 1726 4555 se
1739 4512 1816 4556 ruens

187 4610 251 4665 que
277 4594 348 4648 {leus
375 4593 451 4657 lecit,
471 4598 549 4664 quasi
583 4595 665 4650 iaciat
692 4595 791 4662 adbuc,
809 4595 947 4650 iutuemur
964 4611 971 4650 :
991 4559 1158 4647 Dconuersa
1172 4593 1337 4656 consideret,
1355 4607 1387 4646 cs
1414 4592 1516 4648 uostris
1543 4591 1611 4646 liunt
1634 4591 1816 4647 moderatiore

186 4687 337 4755 mundique
353 4695 435 4740 totam
451 4688 584 4756 originem
610 4697 836 4753 trurscurrentes,
853 4704 900 4743 seu
927 4705 976 4742 an·
1027 4695 1053 4739 et
1071 4686 1227 4755 augustiora
1242 4683 1406 4752 primordiis.
1419 4684 1453 4737 dt
1468 4683 1514 4739 ubi
1529 4693 1743 4753 percontaremur
1759 4685 1817 4738 ior·

187 4777 323 4844 tiquiores
345 4776 479 4831 efficimur
506 4793 588 4847 quem
619 4793 713 4834 sumus
739 4790 817 4833 aetate
839 4789 884 4834 :et
912 4795 974 4833 curn
1028 4774 1596 4847 matimeuus[leidesirimusessequod
1619 4776 1819 4843 luimus,etitt

188 4870 318 4924 unrirerse
333 4870 409 4936 prius
431 4885 514 4939 quern
531 4885 580 4924 uos
591 4885 715 4926 essemus
729 4871 824 4927 eliceto
842 4872 908 4936 siut,
928 4887 976 4926 ne·
1029 4884 1125 4923 nouerit
1138 4867 1260 4922 materiae
1272 4866 1431 4934 qualitatem
1443 4867 1597 4936 subjacens,
1607 4867 1698 4934 opiliei
1709 4883 1757 4921 suo
1768 4882 1822 4935 per·

189 4966 283 5012 turam
310 4967 399 5011 tamen
431 4960 565 5023 oriudum,
587 4962 667 5028 quasi
701 4975 748 5029 per
778 4961 975 5028 oosgenitam,
1027 4959 1543 5016 clementieonversiouerncleridcete
1572 4967 1739 5020 natureesr,
1766 4975 1815 5013 uo·

189 5047 257 5101 durtt
271 5047 377 5100 auctori
397 5046 555 5115 inserimur,
572 5060 730 5116 reputamus
747 5050 794 5105 :in
811 5065 891 5118 quam
923 5067 974 5103 nou
1028 5069 1146 5122 uictuque
1164 5051 1286 5119 corporis
1307 5050 1394 5106 nostri
1418 5050 1490 5105 iuter
1503 5050 1650 5113 elerueuta,
1667 5049 1689 5101 si
1714 5049 1755 5102 ies
1771 5055 1815 5102 est

188 5140 433 5204 ut'sertiremus,
451 5140 497 5194 sed
515 5150 545 5193 ut
570 5140 786 5205 dominaremur,
802 5139 975 5195 intrat-imus.
1029 5146 1093 5208 dici,
1123 5160 1184 5200 esse
1219 5143 1301 5212 erepit
1330 5143 1523 5198 elementum:
1549 5141 1649 5195 stetim
1689 5140 1820 5194 erunibus

187 5230 316 5301 Separati
331 5233 451 5300 itaquee
469 5231 601 5300 sapientia
613 5232 755 5297 mundiali,
768 5246 828 5300 quse
838 5232 976 5296 uriirersa,
1031 5236 1124 5290 trittudi
1154 5236 1317 5306 corporibus
1332 5233 1506 5290 sublimiores
1521 5247 1617 5286 sumus
1637 5230 1737 5289 effecti,
1762 5242 1815 5282 nort

188 5336 237 5381 aut
251 5323 382 5390 fortuitis,
395 5327 551 5378 autatouris
567 5325 691 5389 ascribit,
705 5323 805 5379 divinis
820 5324 979 5378 meditatio·
1031 5337 1135 5381 statura
1166 5325 1330 5389 substantia,
1361 5325 1409 5380 sed
1438 5323 1560 5390 potentie
1578 5318 1824 5386 conditoriszpeu

189 5418 274 5472 nibus
305 5416 456 5483 sublimati,
475 5428 503 5471 et
534 5418 651 5484 abillis,
680 5418 728 5486 qui
761 5427 807 5470 aut
835 5417 976 5471 proterium
1032 5433 1113 5488 quarn
1129 5418 1163 5473 de
1176 5418 1328 5488 subjacenti
1347 5417 1455 5471 caeteris
1486 5425 1612 5469 creatura
1645 5422 1734 5464 ortum
1763 5418 1818 5476 est,

190 5524 300 5576 semiper
317 5508 402 5565 luisse
424 5510 563 5575 dixerunt,
596 5510 738 5581 Deumque
766 5522 871 5565 tantum
893 5512 979 5565 artili-

190 5614 251 5653 ceru
269 5615 360 5654 rerum
381 5601 535 5666 noluerunt,
561 5604 678 5671 separati
697 5619 745 5671 per
774 5603 859 5674 ipsius
875 5604 979 5670 adjuto·

191 5691 284 5747 riutn:
301 5700 347 5745 eut
364 5695 409 5759 qui
424 5692 485 5765 [dl.
502 5695 565 5764 quie
582 5693 592 5765 ]
609 5695 666 5750 baec
693 5697 750 5765 ipse
778 5712 827 5764 pro
853 5696 905 5750 diis
923 5698 979 5750 ele·

192 5793 283 5837 mente
302 5784 447 5839 coluerunt
462 5805 469 5840 ι
486 5795 532 5838 aut
546 5786 591 5854 qui
605 5785 721 5840 laturilias
734 5786 848 5842 oleorum
875 5803 922 5857 per
936 5803 980 5842 se·

193 5885 254 5936 tus,
269 5888 317 5940 per
326 5883 433 5939 aetates,
451 5891 497 5946 per
514 5885 616 5947 partes,
634 5876 706 5933 reiut
723 5891 770 5946 per
796 5879 903 5948 plebem
928 5878 980 5931 eli·

1033 5513 1104 5580 quod
1118 5512 1251 5566 creaturis
1267 5511 1395 5564 omuibus
1407 5509 1563 5576 imperaret.
1583 5503 1705 5571 benique
1719 5504 1741 5557 si
1760 5518 1817 5559 rue·

1033 5604 1127 5657 tellum
1155 5612 1256 5658 nostre
1274 5597 1544 5664 cernisetcorporis
1576 5595 1721 5656 intucaris,
1751 5592 1818 5648 niirii

1034 5695 1173 5761 ituruilius,
1194 5694 1260 5748 niiril
1289 5693 1381 5756 uilius,
1401 5691 1468 5744 nibil
1485 5688 1692 5743 inveniesotuni
1711 5687 1818 5755 injuria

1033 5785 1207 5854 passionique
1235 5784 1395 5854 subiectius.
1437 5781 1499 5836 Sole
1526 5790 1599 5835 terra
1621 5781 1819 5836 elttmenrurum

1034 5887 1194 5934 caeterorum
1220 5877 1326 5932 ridetur
1347 5874 1441 5930 arterlla
1456 5914 1462 5929 .
1480 5873 1537 5929 sula
1559 5874 1588 5929 iu
1603 5888 1634 5930 se
1655 5881 1819 5931 cunctorum
