4109 6434
207 480 264 541 teo
790 482 953 543 asceta.
981 486 1264 546 hIONACllhlthl.
1790 486 1843 550 teo

204 606 235 649 et
251 609 426 649 cournmnem
438 592 528 649 aeratis
546 593 625 649 linem
638 594 729 665 lingua
743 597 875 664 doctoris,
889 599 923 654 de
935 614 1001 653 casu
1016 610 1042 670 Α
1056 603 1175 657 natteria
1194 614 1259 658 srmt
1284 612 1398 666 tartara,
1419 603 1587 656 habitatores
1610 610 1674 656 sant
1696 603 1841 657 decuriones.

209 685 327 750 tiurctls,
342 686 389 755 (1¹¹5
417 693 630 755 lll⁰¹¹'l)¹¹¹⁸‘⁵¹·
661 697 873 757 praesumptuose
889 697 916 743 et
945 706 998 744 nou
1052 693 1120 748 Cum
1132 693 1183 749 hac
1196 710 1260 750 aero
1274 705 1337 749 srrnt
1351 693 1495 764 paradisus
1507 693 1533 747 iu
1548 694 1691 750 terriszet
1704 694 1731 748 in
1745 695 1784 749 eis
1796 697 1843 748 de-

207 779 304 832 timide
317 776 523 832 arrrbulatttibus
541 778 567 830 in
590 779 632 831 ria
649 777 695 833 llei
712 796 719 844 ;
736 781 762 833 in
782 797 833 848 uua
864 792 902 835 tot
916 783 1001 839 latent

208 873 333 936 adversa,
352 882 417 940 quot
434 880 572 924 momenta
587 879 653 926 suat
673 879 824 942 ternporum
847 876 853 928 l
871 875 1000 943 Exposuit

208 971 298 1018 vestra
318 964 416 1034 pietas,
435 971 464 1018 ut
477 962 586 1033 depicta
608 964 660 1018 sibi
687 966 820 1029 pericula,
835 976 863 1021 et
879 968 999 1023 fomenta

210 1056 322 1110 remedii
339 1054 478 1126 proelians
506 1071 616 1125 semper
645 1058 679 1111 ari
694 1058 794 1110 malum
815 1073 829 1110 a
849 1060 1001 1128 primordio

207 1146 359 1215 juventutis
384 1147 531 1200 rationalis
547 1157 574 1200 et
589 1148 715 1203 animalis
750 1151 856 1205 arrianus
884 1166 1000 1206 cernens

209 1237 351 1305 gradiatur
377 1246 514 1306 pertrita.
536 1236 696 1307 Oprudens
724 1242 930 1308 consiliarium
951 1259 1001 1313 pro

211 1349 277 1388 raico
291 1334 455 1402 scripturam
473 1343 521 1398 ;et
549 1348 598 1402 pro
625 1333 744 1389 faciliter
774 1337 1000 1401 transeuntium

211 1440 369 1479 arrausurum
385 1434 533 1479 commutet
545 1427 552 1478 l
566 1424 670 1495 0justa
686 1435 715 1481 et
726 1437 820 1482 sancta
834 1431 1000 1498 erlrartttio,

211 1530 237 1572 et
252 1518 381 1586 perdigna
396 1516 586 1572 exauditionis
602 1517 752 1580 benellcipl

243 1608 311 1673 Serl,
327 1609 491 1678 praedilectae
503 1609 575 1674 lilia,
601 1620 627 1664 et
660 1613 682 1666 si
697 1610 802 1681 justam
818 1625 846 1668 ct
874 1626 999 1672 sanetum

209 1709 261 1764 est,
277 1700 352 1767 qaod
367 1701 459 1767 petitis
476 1716 491 1754 a
507 1712 585 1770 patre
604 1703 710 1772 :patris
721 1712 811 1759 tamen
828 1714 907 1776 negat
922 1717 1000 1774 atas,

1051 796 1146 855 gentes
1161 796 1223 840 srurt
1237 786 1336 854 angeli.
1353 785 1480 855 ideoque,
1497 785 1562 839 mibi
1577 785 1683 840 dilectae
1699 786 1770 849 tilia,
1780 786 1845 841 licet

1052 877 1130 947 longa
1142 894 1189 933 ros
1204 888 1344 933 macerent
1357 878 1471 948 jejunia,
1489 877 1593 946 abiecta
1621 886 1649 931 et
1669 877 1745 948 nigra
1761 878 1844 934 arastis

1052 965 1195 1031 deformet,
1207 969 1286 1035 longa
1298 966 1446 1022 officiorum
1458 981 1605 1036 creperum
1618 975 1726 1020 teratur
1739 969 1844 1025 series:

1051 1057 1073 1112 si
1086 1058 1159 1112 intus
1173 1059 1242 1113 desit
1253 1060 1383 1123 charitas,
1402 1060 1435 1112 ad
1455 1058 1577 1112 iustrnurn
1596 1059 1718 1112 nondum
1733 1057 1843 1128 religio-

1054 1151 1096 1204 nis
1110 1151 1223 1220 grarlrnn
1240 1161 1399 1220 perventum
1418 1158 1469 1204 cst.
1487 1149 1646 1218 Propterea,
1661 1149 1843 1213 charissimae,

1053 1239 1097 1293 hic
1112 1241 1296 1306 incipiendam
1313 1248 1357 1293 cst
1373 1239 1435 1303 iter,
1452 1238 1485 1291 ad
1494 1240 1649 1308 apostolicae
1667 1237 1844 1306 perfectionis

1052 1329 1168 1398 apicem.

1089 1421 1119 1477 st
1136 1437 1201 1477 sero
1214 1423 1327 1475 relativa
1342 1430 1383 1476 est
1398 1422 1528 1486 charitas,
1537 1427 1563 1476 et
1581 1423 1614 1475 ιιι]
1625 1438 1708 1476 ιιιιιιιιι
1723 1438 1775 1476 non
1795 1437 1843 1492 po-

1052 1523 1106 1569 test
1121 1516 1229 1582 proprie
1245 1514 1354 1569 rlilcctio
1379 1513 1500 1568 fraterna
1516 1514 1590 1568 dici:
1606 1515 1709 1568 idcirco
1733 1525 1775 1569 est
1799 1533 1846 1567 rre-

1053 1621 1130 1661 cesse
1144 1606 1215 1674 «prod
1234 1607 1326 1672 planes
1339 1608 1406 1669 sint,
1431 1607 1477 1674 apri
1496 1621 1526 1659 se
1549 1617 1641 1658 aruum
1658 1620 1689 1658 ex
1709 1606 1844 1659 elrariuuu

1054 1699 1177 1768 diligant,
1192 1710 1222 1750 at
1238 1697 1429 1761 rlicaturjuata
1443 1695 1605 1764 Prophetam
1622 1711 1631 1750 ι
1648 1695 1750 1747 donam
1766 1709 1790 1748 et
1799 1697 1845 1763 jn·

210 1788 546 1856 probibetinsudiciontia,
561 1791 625 1847 licet
641 1794 747 1862 ingerat
773 1798 905 1852 charitas,
935 1799 1001 1855 spu.
1053 1788 1215 1842 eanthtnreet
1228 1786 1347 1839 hahitare
1358 1785 1676 1858 [rarreainarrnmtl'eal.
1688 1801 1790 1849 ctaxu,
1807 1789 1843 1852 t).

211 1889 275 1948 pent
291 1881 363 1935 oculi
383 1882 549 1952 palpitantes
575 1885 602 1938 in
620 1886 753 1955 tenebris,
783 1888 876 1944 horret
897 1901 1002 1948 naturae
1054 1880 1130 1946 Qll⁰d
1157 1880 1224 1934 ⁸³¹5·
1259 1879 1390 1946 PPPYPPM
1424 1877 1564 1945 Sapientia
1592 1877 1686 1931 dicem
1716 1891 1723 1934 ἒ
1753 1877 1845 1930 Flsslef

212 1972 343 2039 phmnesi
372 1974 531 2030 inconstans
569 1992 666 2032 uranus
697 1994 829 2050 peragere
857 1958 1192 2051 jupeppttja‚ssqaisirnal
1208 1970 1350 2038 juvatura
1366 1967 1844 2037 fratre,quatieioimrtirma(Prot.

213 2062 346 2120 llortatur
362 2074 451 2121 umen
465 2083 574 2135 semper
586 2070 730 2127 clraritatts
746 2076 838 2140 aanor,
857 2089 891 2130 ne
906 2091 1002 2145 pusca.
1053 2079 1130 2128 xrtrr,
1147 2064 1201 2132 ta).
1216 2061 1354 2117 Etitermu
1368 2075 1375 2114 :
1389 2060 1420 2114 st
1433 2060 1532 2124 [ruerint
1546 2062 1599 2112 aaa
1612 2060 1701 2118 ainral.
1721 2061 1844 2129 [caelum

212 2159 256 2212 t'ur
274 2158 374 2221 labari,
397 2158 468 2213 ande
486 2170 578 2216 cautas
605 2162 742 2233 colligitur
772 2163 879 2220 inactus
894 2181 902 2220 ι
918 2181 999 2235 quern
1053 2176 1081 2215 u
1099 2172 1189 2212 ratlac
1206 2174 1215 2211 ··
1231 2159 1276 2209 ted
1291 2158 1314 2211 ti
1330 2171 1397 2209 traua
1415 2155 1557 2237 erudiatur
1574 2165 1600 2209 et
1621 2155 1712 2215 cadat,
1727 2171 1765 2209 ore
1783 2155 1843 2213 soli.

212 2259 401 2318 rtonprrtarem
420 2249 447 2304 in
465 2251 543 2306 rebla
561 2266 687 2323 carpere,
714 2253 940 2324 qrraeScripturis
968 2259 1001 2314 de
1053 2255 1178 2325 quereiam
1201 2251 1379 2305 sublevantem
1398 2264 1450 2301 non
1469 2244 1713 2315 truaertts'ertmr,
1732 2247 1843 2314 tert).

212 2340 322 2395 batarini
337 2342 480 2396 voluntate
497 2342 594 2397 melius
619 2345 687 2399 estis
707 2345 820 2411 edocta,
839 2357 868 2402 ut
894 2350 1000 2406 hlandl-
1055 2346 1203 2414 Propterea
1218 2342 1404 2397 solitariorum
1434 2341 1488 2392 rita
1516 2354 1597 2407 urtam
1626 2340 1692 2391 satis
1715 2349 1844 2405 expertas

212 2434 423 2505 meatialiquid
444 2435 545 2501 fatear,
565 2438 629 2492 licet
644 2439 780 2505 veritatis,
802 2440 855 2495 nisi
871 2445 904 2495 ad
935 2443 1002 2500 attae

212 2528 391 2582 succedentes
408 2541 456 2597 per
473 2537 596 2595 tempora
615 2527 821 2585 informandum
841 2532 999 2588 traheretur

213 2618 362 2672 tantushic
375 2618 462 2673 labor.
483 2618 580 2674 lineat
602 2619 685 2687 igitur
700 2619 822 2675 duellam
844 2623 896 2677 hoc
909 2623 1003 2678 chari·

214 2720 254 2764 tas
272 2723 282 2764 ι
298 2724 358 2780 quae
373 2710 463 2780 ipsunt
492 2712 677 2767 invincibilem
693 2713 770 2779 vicit,
786 2724 816 2769 ut
841 2715 1002 2771 immortalis

215 2811 373 2857 rrroreretar
391 2818 442 2873 pro
457 2804 548 2859 nabis.
563 2803 662 2859 llerurn
686 2804 788 2860 irustra
803 2807 863 2862 lraec
877 2817 1003 2878 speratur

214 2895 368 2951 victoriam
383 2906 456 2951 tanta
474 2883 693 2966 impossibilitate
705 2909 821 2965 naturae,
846 2901 904 2955 uisi
920 2901 1004 2956 dero·

213 2992 246 3041 ta
265 2989 408 3043 orationes
423 2988 543 3043 illiarum
571 2988 684 3054 adsiut3
702 2991 805 3059 quibos
821 2990 893 3046 lleus
912 2994 1002 3062 paruit

155 3139 165 3153 ,
216 3080 240 3130 iu
259 3088 367 3133 tanturn
388 3080 422 3133 ab
450 3082 573 3147 antiquo,
590 3089 621 3135 ut
648 3080 734 3135 etiam
768 3095 829 3135 eum
855 3087 1002 3149 praerutcret

215 3170 1002 3242 coronaqueprimitusrrrinandospopouderat,qrrarnris

216 3262 351 3333 paenitere
370 3277 425 3316 non
439 3263 533 3331 possit.

405 3402 408 3408 ’
464 3423 580 3480 carna
611 3422 757 3479 annum.

358 3517 398 3573 Dc
414 3518 541 3573 clraritate
557 3529 581 3572 et
603 3521 703 3572 enitare
725 3520 864 3573 oernenda.

248 3635 316 3701 Quis
330 3643 422 3689 arnenr
446 3635 474 3687 in
496 3633 663 3686 monasterio
682 3634 840 3688 constitutis
866 3648 1006 3687 sororrous

214 3730 318 3796 prierius
333 3728 368 3780 sit
382 3726 552 3795 arripiendus
569 3726 663 3779 modus
677 3724 730 3778 ileo
747 3726 888 3779 viremliet
902 3730 1004 3795 regula,

215 3823 272 3887 ipse
283 3818 359 3873 solas
374 3817 500 3871 Christus
520 3817 599 3884 hujus
615 3815 745 3886 propositi
763 3818 886 3884 inceptor
899 3824 926 3870 et
958 3819 1004 3870 alo·

216 3925 289 3975 ator,
307 3912 332 3964 in
346 3910 425 3964 unias
441 3909 615 3977 responsione
629 3899 736 3962 iustruit
746 3909 902 3962 rruircrsos:
917 3907 946 3962 Si
956 3911 1005 3973 aia,

216 4007 303 4073 irtqnit
319 4005 389 4057 idern
405 4006 534 4073 magistet·
548 4003 604 4057 baec
621 3995 735 4069 petenti}
749 4001 783 4054 ad
800 4006 879 4056 ailam
894 4003 1005 4070 inpredi,

215 4116 290 4152 aaran
306 4098 443 4149 rrrandata.
460 4094 575 4161 Quodsi
606 4097 674 4150 iurte
698 4105 835 4165 quaeratur
859 4112 919 4165 qnae
940 4105 1004 4161 smt,

217 4191 291 4246 illico
311 4191 350 4243 sic
365 4187 552 4258 percunctanti
579 4187 706 4255 exposuit
721 4202 728 4240 ι
746 4185 845 4255 Dilipet
866 4188 1005 4241 Darnirrmu

218 4282 301 4337 licam
320 4292 394 4336 tuam
409 4298 442 4337 ea
456 4289 512 4334 tato
532 4280 621 4341 corde,
636 4288 731 4344 oterrte,
744 4289 768 4334 et
784 4281 879 4334 ciritae
903 4283 965 4346 tait,
981 4292 1006 4336 et

217 4375 274 4442 plat
288 4390 369 4444 qaam
382 4374 492 4441 teipsam
509 4388 518 4428 .·
533 4381 557 4425 et
572 4372 721 4440 proximam
733 4383 806 4424 taam
818 4373 886 4425 sicat
895 4381 1007 4442 teipsam

217 4466 326 4537 (Hatria.
345 4483 372 4531 r,
396 4467 451 4536 45).
478 4464 507 4520 ln
538 4466 581 4520 his
606 4467 712 4518 dtrohus
743 4465 884 4533 praeceptis
911 4471 1009 4534 pendet

217 4559 348 4630 rpeialqcid
367 4568 407 4614 est
425 4558 503 4629 legis,
535 4558 667 4627 quidquid
699 4556 780 4610 etiam
806 4557 948 4626 prophetae¹
980 4566 1007 4613 et

218 4652 304 4706 structi
322 4651 373 4704 riri
390 4655 550 4717 perscrutati
573 4658 645 4703 suut.

253 4748 284 4799 la't
296 4745 427 4800 attendite
443 4743 569 4807 sallia-ite,
582 4758 684 4812 quaeso,
699 4741 876 4808 charissima,
892 4757 952 4812 quae
965 4742 1007 4796 in·

197 4858 201 4867 ·
218 4839 294 4906 gredi
313 4852 369 4892 nan
386 4836 476 4890 solum
491 4837 555 4891 tutis
569 4836 710 4890 aflectibus
726 4835 825 4901 cupitis
848 4836 881 4888 ad
912 4837 1006 4897 ritarn,

218 4907 357 4995 urrae'rere
375 4929 428 4980 rita
440 4939 480 4982 est
496 4926 569 4994 (narn
599 4926 752 4980 virentibus
770 4929 796 4978 in
826 4927 927 4980 inundo
953 4927 1007 4979 rita

219 5017 570 5087 atoarcs1,sednrorsl,sed
584 5016 641 5087 jam
656 5017 702 5071 llei
731 5017 834 5071 auxilio
863 5019 930 5072 estis
957 5018 1008 5072 iter

220 5116 358 5182 ingressa,
375 5110 446 5179 quod
462 5111 521 5164 siue
536 5109 677 5179 praeceptis
692 5111 833 5165 charitatis
847 5126 900 5164 non
919 5112 1009 5180 ingre·

219 5207 291 5257 datur
306 5205 450 5273 qrrisrpraur
463 5203 496 5256 ad
512 5201 567 5256 [leo
582 5205 736 5257 vivendum.
749 5202 862 5270 Propter
876 5203 1007 5258 bocenim

219 5298 357 5366 apostolas
370 5295 473 5350 Paulus
488 5311 540 5348 non
553 5295 685 5364 gloriatur
701 5295 726 5348 in
741 5293 839 5364 linguis
851 5297 1007 5365 angelorum

219 5398 244 5442 et
255 5387 408 5452 ianthinum,
428 5404 481 5441 non
500 5388 526 5439 in
541 5389 699 5454 cognitione
724 5390 914 5456 mysteriorum
947 5388 1008 5454 eet,

220 5496 271 5535 non
288 5484 313 5534 in
330 5480 427 5548 spiritu
447 5482 608 5551 prophetia,
627 5496 680 5534 nou
697 5481 722 5533 iu
741 5480 933 5548 asperitatibus
947 5497 1010 5534 car·

220 5575 271 5639 uis,
285 5589 339 5627 ιιοιι
357 5575 438 5627 etiam
465 5574 491 5626 iu
509 5573 740 5643 elecrnospnaruur
759 5573 906 5636 operibus,
924 5589 1009 5642 quan-

220 5681 297 5733 quam
315 5667 349 5720 ad
363 5668 454 5721 omrrla
484 5666 569 5736 pietas
589 5664 687 5726 valeat,
714 5663 860 5720 durmrrodo
888 5667 1009 5721 charitas

221 5775 272 5814 raon
286 5761 367 5814 desit.

253 5849 315 5904 llaec
329 5852 420 5920 itaque
435 5851 491 5907 sola
516 5852 606 5906 reddit
624 5851 760 5906 hominem
787 5850 841 5905 lleo
862 5850 1006 5915 virentem,

221 5944 274 6001 bec
287 5945 441 6021 religiosus,
454 5948 512 6002 hacc
527 5946 675 6002 rtrotrachos
689 5943 756 6000 iacit
773 5962 780 5998 ι
798 5944 858 6000 siue
873 5951 923 6000 hac
950 5961 1007 5999 arto·

1053 2454 1123 2501 suan,
1135 2435 1365 2506 periculosissima
1376 2431 1542 2487 estetardua
1557 2430 1627 2484 :etsi
1638 2431 1705 2484 bona
1717 2439 1742 2483 et
1751 2445 1844 2498 qrram·

1054 2532 1155 2601 pluries
1174 2529 1230 2582 ilco
1247 2527 1349 2590 ticina,
1366 2541 1418 2577 ιιοιι
1441 2534 1531 2577 taurea
1547 2537 1623 2591 aequae
1639 2536 1733 2575 secura
1749 2532 1801 2585 est,
1817 2531 1846 2574 at

1053 2626 1132 2680 simul
1149 2623 1331 2678 habitantium
1347 2621 1373 2675 in
1390 2619 1499 2674 vinculo
1512 2616 1666 2671 dilectionis
1683 2626 1710 2669 et
1724 2619 1844 2669 charita·

1054 2721 1089 2774 tis
1104 2719 1215 2773 allecta.
1229 2715 1279 2782 Qui
1294 2714 1469 2770 sibiinricem
1483 2726 1530 2781 per
1541 2718 1706 2764 teutaurenta
1718 2709 1846 2762 delicien-

1054 2813 1125 2867 tibus
1141 2810 1319 2870 auxiliantur,
1332 2807 1384 2862 tibi
1400 2806 1516 2859 invicem
1534 2802 1727 2856 :rdrrriuistrant
1738 2803 1845 2869 pictatis

1054 2917 1079 2962 et
1097 2906 1239 2960 charitatis
1251 2902 1390 2970 obsequia.
1406 2898 1459 2953 Sed
1469 2907 1545 2952 certe
1557 2898 1579 2950 si
1596 2895 1694 2949 iratres
1708 2906 1755 2947 mn
1770 2909 1844 2946 soro-

1056 3014 1101 3052 res
1116 2996 1199 3051 sinaei
1214 2996 1240 3048 in
1256 3011 1339 3049 unum
1358 3007 1410 3045 non
1428 2991 1549 3045 habitent
1566 3006 1574 3052 ς
1589 3002 1642 3040 ιιοιι
1662 2988 1716 3054 jam
1732 2986 1844 3049 botrum,

1055 3091 1102 3146 sed
1117 3089 1218 3143 ntalem
1231 3096 1283 3142 eet.
1302 3083 1373 3138 Nihil
1390 3084 1488 3139 bonum
1506 3082 1633 3135 divisum.

1091 3183 1177 3237 Omne
1188 3181 1270 3234 etiarn
1282 3177 1430 3233 secundum
1446 3175 1622 3244 philosophos
1641 3173 1669 3226 in
1680 3180 1787 3226 taratara
1800 3173 1847 3224 ha·

1012 3277 1099 3355 chet
1113 3273 1253 3332 bonitatis,
1271 3272 1297 3326 iu
1315 3279 1446 3340 (parantum
1461 3268 1576 3322 unitatis
1593 3268 1712 3321 attinens
1730 3280 1785 3318 sue
1798 3281 1843 3318 na·

1058 3379 1133 3422 turae.
1148 3365 1224 3433 Quot
1236 3365 1258 3418 si
1271 3360 1406 3433 singulum
1418 3375 1500 3415 urrtrrn
1518 3362 1543 3413 in
1560 3368 1616 3413 tota
1638 3359 1730 3412 ruundl
1741 3358 1845 3411 inachi·

1056 3474 1091 3513 na
1104 3473 1152 3529 per
1165 3473 1194 3512 se
1208 3465 1329 3512 creatum
1343 3463 1385 3510 est
1399 3454 1498 3508 bonum
1516 3471 1523 3508 :
1545 3466 1598 3506 non
1613 3462 1703 3505 tanren
1718 3460 1760 3503 est
1775 3449 1847 3517 opti·

1056 3568 1141 3617 rtrum,
1161 3551 1211 3605 nisi
1240 3549 1349 3604 cacteris
1374 3562 1486 3601 nexum.
1513 3546 1659 3613 Propterea
1690 3542 1716 3595 in
1735 3543 1847 3595 exordio
1905 3578 1909 3583 .

1057 3644 1149 3698 arraudi
1162 3642 1231 3696 vidit
1244 3641 1326 3703 Deus,
1342 3642 1413 3708 auod
1433 3647 1531 3692 cuneta
1558 3651 1617 3703 quae
1638 3632 1750 3696 iecerat,
1769 3646 1846 3684 eram

1057 3738 1136 3791 valde
1150 3737 1233 3791 bona.
1251 3734 1367 3796 idcirco,
1384 3731 1564 3794 charissima,
1580 3730 1607 3781 iu
1628 3726 1778 3795 apostolica
1793 3727 1845 3777 rita

1057 3830 1134 3885 robis
1148 3829 1182 3882 de
1197 3828 1297 3882 sacrato
1309 3827 1433 3880 adunmis
1449 3839 1495 3892 per
1506 3835 1631 3888 coeptura,
1647 3821 1682 3872 sit
1694 3832 1741 3870 cor
1752 3833 1846 3877 riarum,

1056 3934 1083 3978 et
1097 3924 1186 3976 aalma
1202 3934 1257 3973 ana
1271 3920 1298 3972 in
1314 3916 1437 3978 llorniuo,
1456 3915 1528 3966 relrrt
1553 3914 1586 3964 tle
1601 3910 1730 3976 apostolis
1759 3917 1785 3956 ct
1812 3908 1846 3959 de

1058 4017 1123 4086 ipsis
1140 4010 1297 4082 apostolicis
1325 4009 1390 4061 viris
1421 4007 1448 4059 in
1480 4005 1593 4058 hctilurs
1615 4016 1708 4054 eorum
1727 3998 1846 4065 legitur:

1056 4105 1236 4160 Multitudinis
1249 4103 1317 4155 carim
1331 4100 1489 4152 creaeurtmu
1501 4106 1557 4149 erat
1570 4113 1614 4149 cor
1627 4113 1706 4149 riuum
1720 4108 1742 4149 et
1758 4098 1845 4148 ιιιιίιιιιι

1058 4213 1110 4248 atta
1127 4197 1153 4249 in
1172 4195 1286 4248 Doctrina
1307 4193 1378 4264 (let.
1396 4206 1433 4255 rr,
1448 4188 1505 4256 25).
1522 4189 1599 4241 Nulla
1613 4188 1665 4240 t'ita
1694 4202 1742 4255 pro
1771 4199 1846 4241 certo

1057 4297 1101 4344 est
1126 4287 1258 4351 deterior,
1274 4301 1354 4354 quam
1372 4281 1453 4338 simui
1486 4286 1584 4351 clepere
1608 4294 1721 4348 corpore
1746 4289 1771 4333 et
1793 4296 1845 4332 non

1058 4390 1159 4435 rneute.
1171 4380 1202 4432 Et
1216 4392 1278 4433 rere
1290 4375 1413 4431 infelices
1424 4383 1501 4437 sunt,
1512 4373 1609 4441 mribus
1623 4388 1677 4426 uon
1696 4374 1769 4426 inest
1781 4388 1846 4432 nna,

1058 4473 1104 4526 scd
1119 4472 1227 4525 rlirersa
1249 4472 1386 4523 voluntas.

1094 4563 1114 4616 S
1127 4563 1235 4632 titaqne
1250 4561 1327 4614 rohis
1342 4575 1450 4627 semper
1465 4573 1536 4614 unrrs
1553 4557 1676 4619 affectus,
1687 4572 1737 4610 una
1753 4556 1845 4608 volun·

1020 4636 1045 4695 υ
1059 4665 1109 4717 tas,
1123 4671 1176 4708 nna
1190 4653 1357 4716 fraternitas,
1372 4667 1424 4703 urta
1450 4651 1588 4719 proportio
1607 4665 1723 4712 urorum,
1737 4663 1790 4701 una
1801 4651 1845 4716 jn·

1059 4749 1195 4812 cttrrditas,
1211 4763 1264 4801 urta
1279 4745 1389 4800 tristitia
1405 4762 1412 4797 :
1433 4759 1465 4798 tre
1480 4745 1551 4813 rpuorl
1567 4744 1659 4796 alterae
1674 4744 1773 4809 placet,
1789 4747 1847 4794 uis·

1059 4842 1157 4912 plireat
1175 4839 1267 4893 alterae
1283 4855 1289 4892 :
1305 4853 1358 4907 quo
1377 4837 1475 4906 garrdet
1490 4839 1585 4898 altera,
1601 4837 1724 4889 tristetur
1738 4848 1766 4888 et
1780 4836 1848 4887 alte·

1060 4934 1314 4990 ra.Etsichabere
1343 4933 1468 5002 poteritis
1500 4932 1638 5002 religionis
1667 4930 1845 4998 propositum,

1059 5027 1082 5082 si
1105 5027 1247 5081 rrrranirncs
1260 5027 1286 5079 in
1304 5026 1386 5079 domo
1399 5025 1446 5079 ilci
1462 5024 1601 5078 habitetis.
1628 5022 1691 5075 llaec
1705 5036 1766 5079 rera
1792 5022 1846 5072 rita

1060 5118 1118 5181 ilci,
1140 5133 1192 5172 raon
1206 5117 1305 5172 diaboii
1321 5133 1329 5171 ι
1346 5131 1408 5171 vere
1425 5117 1690 5180 ruouasterimn,non
1705 5113 1846 5167 infernus:

1061 5228 1123 5267 rore
1137 5212 1192 5264 rita
1212 5212 1348 5280 religiosa,
1369 5227 1420 5263 uon
1438 5209 1583 5264 diabolica.

1369 5364 1484 5420 capet·
1506 5366 1538 5418 ll.

1141 5488 1144 5495 -
1183 5457 1220 5511 lle
1233 5474 1285 5511 nott
1305 5456 1423 5510 litterato
1452 5456 1553 5525 aliquid
1573 5456 1723 5524 propriata.

1095 5574 1164 5626 hatte
1179 5574 1278 5626 rrterrtis
1292 5583 1390 5625 restra
1413 5571 1509 5624 oculos
1527 5585 1636 5636 semper
1662 5572 1847 5638 eraogettcmu

1059 5665 1124 5718 illmt
1137 5674 1269 5734 appareat
1282 5664 1450 5717 stohdissimi
1471 5663 1520 5714 riri
1537 5662 1609 5714 illias
1621 5668 1772 5731 erernpluur
1785 5683 1792 5717 ι
1803 5667 1848 5734 qui

1058 5758 1203 5811 aedilicium
1220 5773 1298 5810 suarm
1314 5759 1385 5824 qrrorl
1403 5768 1577 5821 surrrrrropere
1591 5754 1702 5817 lecerat,
1719 5757 1848 5824 ingramn-

1059 5853 1132 5905 tihas
1149 5852 1320 5912 lhrmirribus,
1337 5850 1461 5903 balatibus
1472 5849 1604 5913 reanum
1619 5848 1754 5904 imbribus
1767 5852 1855 5901 innix-

1059 5943 1189 6001 «tratribus
1204 5944 1374 6015 ptrruarmu,
1388 5953 1482 5998 totuin
1496 5941 1597 5996 atereth
1610 5941 1647 5995 ἰιι
1662 5953 1770 5992 casura
1780 5955 1795 5988 ·.
1807 5949 1884 5997 suan·
