<?xml version="1.0" encoding="UTF-8"?>
<!DOCTYPE html PUBLIC "-//W3C//DTD XHTML 1.0 Transitional//EN"
    "http://www.w3.org/TR/xhtml1/DTD/xhtml1-transitional.dtd">
<html xmlns="http://www.w3.org/1999/xhtml" xml:lang="en" lang="en">
 <head>
  <title>
</title>
<meta http-equiv="Content-Type" content="text/html;charset=utf-8" />
  <meta name='ocr-system' content='tesseract 3.04.00' />
  <meta name='ocr-capabilities' content='ocr_page ocr_carea ocr_par ocr_line ocrx_word'/>
</head>
<body>
  <div class='ocr_page' id='page_1' title='image "./patrologiaecurs08goog_0431.png"; bbox 0 0 4109 6434; ppageno 0'>
   <div class='ocr_carea' id='block_1_1' title="bbox 205 462 255 527">
    <p class='ocr_par' dir='ltr' id='par_1_1' title="bbox 205 462 255 527">
     <span class='ocr_line' id='line_1_1' title="bbox 205 462 255 527; baseline -0.02 0"><span class='ocrx_word' id='word_1_1' title='bbox 205 462 255 527; x_wconf 72' lang='lat' dir='ltr'>est</span> 
     </span>
    </p>
   </div>
   <div class='ocr_carea' id='block_1_2' title="bbox 764 460 1420 526">
    <p class='ocr_par' dir='ltr' id='par_1_2' title="bbox 764 460 1420 526">
     <span class='ocr_line' id='line_1_2' title="bbox 764 460 1420 526; baseline 0.003 -4"><span class='ocrx_word' id='word_1_2' title='bbox 764 460 970 523; x_wconf 72' lang='lat' dir='ltr'>expostam</span> <span class='ocrx_word' id='word_1_3' title='bbox 990 463 1031 524; x_wconf 70' lang='lat' dir='ltr'>th*</span> <span class='ocrx_word' id='word_1_4' title='bbox 1050 461 1234 524; x_wconf 69' lang='lat' dir='ltr'>mersche</span> <span class='ocrx_word' id='word_1_5' title='bbox 1256 462 1420 526; x_wconf 74' lang='lat' dir='ltr'>bertier.</span> 
     </span>
    </p>
   </div>
   <div class='ocr_carea' id='block_1_3' title="bbox 1776 462 1832 527">
    <p class='ocr_par' dir='ltr' id='par_1_3' title="bbox 1776 462 1832 527">
     <span class='ocr_line' id='line_1_3' title="bbox 1776 462 1832 527; baseline 0.018 -1"><span class='ocrx_word' id='word_1_6' title='bbox 1776 462 1832 527; x_wconf 61' lang='lat'>882</span> 
     </span>
    </p>
   </div>
   <div class='ocr_carea' id='block_1_4' title="bbox 206 577 1830 651">
    <p class='ocr_par' dir='ltr' id='par_1_4' title="bbox 206 577 1830 651">
     <span class='ocr_line' id='line_1_4' title="bbox 206 577 1830 651; baseline -0.003 -16"><span class='ocrx_word' id='word_1_7' title='bbox 206 580 380 651; x_wconf 84' lang='lat' dir='ltr'>deprecatur,</span> <span class='ocrx_word' id='word_1_8' title='bbox 395 585 424 631; x_wconf 93' lang='lat' dir='ltr'>ut</span> <span class='ocrx_word' id='word_1_9' title='bbox 447 578 570 634; x_wconf 74' lang='lat' dir='ltr'>sinceres</span> <span class='ocrx_word' id='word_1_10' title='bbox 593 579 621 634; x_wconf 92' lang='lat' dir='ltr'>in</span> <span class='ocrx_word' id='word_1_11' title='bbox 636 577 766 633; x_wconf 84' lang='lat' dir='ltr'>omuibus</span> <span class='ocrx_word' id='word_1_12' title='bbox 791 593 852 634; x_wconf 84' lang='lat' dir='ltr'>esse</span> <span class='ocrx_word' id='word_1_13' title='bbox 875 580 995 636; x_wconf 81' lang='lat' dir='ltr'>valeant.</span> <span class='ocrx_word' id='word_1_14' title='bbox 1012 586 1034 645; x_wconf 84' lang='grc' dir='ltr'><strong>Λ</strong></span> <span class='ocrx_word' id='word_1_15' title='bbox 1050 596 1099 650; x_wconf 92' lang='lat' dir='ltr'>per</span> <span class='ocrx_word' id='word_1_16' title='bbox 1117 591 1234 637; x_wconf 88' lang='lat' dir='ltr'>uestram</span> <span class='ocrx_word' id='word_1_17' title='bbox 1248 581 1413 637; x_wconf 90' lang='lat' dir='ltr'>orationem.</span> <span class='ocrx_word' id='word_1_18' title='bbox 1427 599 1437 634; x_wconf 91' lang='lat' dir='ltr'>t</span> <span class='ocrx_word' id='word_1_19' title='bbox 1451 578 1528 647; x_wconf 81' lang='lat' dir='ltr'>Quod</span> <span class='ocrx_word' id='word_1_20' title='bbox 1539 577 1711 634; x_wconf 90' lang='lat' dir='ltr'>mihinoecre</span> <span class='ocrx_word' id='word_1_21' title='bbox 1723 589 1830 646; x_wconf 89' lang='lat' dir='ltr'>purant,</span> 
     </span>
    </p>
   </div>
   <div class='ocr_carea' id='block_1_5' title="bbox 206 670 999 1555">
    <p class='ocr_par' dir='ltr' id='par_1_5' title="bbox 206 670 905 742">
     <span class='ocr_line' id='line_1_5' title="bbox 206 670 905 742; baseline -0.004 -13"><span class='ocrx_word' id='word_1_22' title='bbox 206 671 295 729; x_wconf 80' lang='lat' dir='ltr'>Nemo</span> <span class='ocrx_word' id='word_1_23' title='bbox 310 670 383 727; x_wconf 91' lang='lat' dir='ltr'>enirn</span> <span class='ocrx_word' id='word_1_24' title='bbox 398 685 481 739; x_wconf 74' lang='lat' dir='ltr'>aeper,</span> <span class='ocrx_word' id='word_1_25' title='bbox 497 686 532 726; x_wconf 89' lang='lat' dir='ltr'>arr</span> <span class='ocrx_word' id='word_1_26' title='bbox 547 671 638 726; x_wconf 90' lang='lat' dir='ltr'>sanari</span> <span class='ocrx_word' id='word_1_27' title='bbox 651 671 749 742; x_wconf 87' lang='lat' dir='ltr'>possit,</span> <span class='ocrx_word' id='word_1_28' title='bbox 771 670 905 742; x_wconf 72' lang='lat' dir='ltr'>agnoseit.</span> 
     </span>
    </p>

    <p class='ocr_par' dir='ltr' id='par_1_6' title="bbox 206 762 995 1110">
     <span class='ocr_line' id='line_1_6' title="bbox 246 762 994 821; baseline 0.003 -4"><span class='ocrx_word' id='word_1_29' title='bbox 246 782 257 817; x_wconf 92' lang='grc' dir='ltr'>ι</span> <span class='ocrx_word' id='word_1_30' title='bbox 271 762 306 821; x_wconf 85' lang='lat' dir='ltr'>Ur</span> <span class='ocrx_word' id='word_1_31' title='bbox 322 764 382 820; x_wconf 89' lang='lat' dir='ltr'>sitis</span> <span class='ocrx_word' id='word_1_32' title='bbox 397 764 519 820; x_wconf 81' lang='lat' dir='ltr'>sinceres</span> <span class='ocrx_word' id='word_1_33' title='bbox 530 773 557 819; x_wconf 87' lang='lat' dir='ltr'>ct</span> <span class='ocrx_word' id='word_1_34' title='bbox 571 763 632 820; x_wconf 88' lang='lat' dir='ltr'>sine</span> <span class='ocrx_word' id='word_1_35' title='bbox 648 762 752 820; x_wconf 77' lang='lat' dir='ltr'>offensa</span> <span class='ocrx_word' id='word_1_36' title='bbox 768 767 795 819; x_wconf 93' lang='lat' dir='ltr'>in</span> <span class='ocrx_word' id='word_1_37' title='bbox 812 765 884 820; x_wconf 87' lang='lat' dir='ltr'>diem</span> <span class='ocrx_word' id='word_1_38' title='bbox 912 765 994 820; x_wconf 53' lang='lat' dir='ltr'>Chri*</span> 
     </span>
     <span class='ocr_line' id='line_1_7' title="bbox 208 854 995 927; baseline -0.004 -15"><span class='ocrx_word' id='word_1_39' title='bbox 208 856 257 913; x_wconf 83' lang='lat' dir='ltr'>sti.</span> <span class='ocrx_word' id='word_1_40' title='bbox 272 873 283 910; x_wconf 91' lang='lat' dir='ltr'>r</span> <span class='ocrx_word' id='word_1_41' title='bbox 306 854 429 911; x_wconf 77' lang='lat' dir='ltr'>sinceris</span> <span class='ocrx_word' id='word_1_42' title='bbox 441 854 555 910; x_wconf 80' lang='lat' dir='ltr'>materia</span> <span class='ocrx_word' id='word_1_43' title='bbox 573 864 625 923; x_wconf 89' lang='lat' dir='ltr'>est,</span> <span class='ocrx_word' id='word_1_44' title='bbox 636 871 696 927; x_wconf 73' lang='lat' dir='ltr'>quae</span> <span class='ocrx_word' id='word_1_45' title='bbox 710 865 835 911; x_wconf 88' lang='lat' dir='ltr'>naturam</span> <span class='ocrx_word' id='word_1_46' title='bbox 848 872 924 911; x_wconf 87' lang='lat' dir='ltr'>suern</span> <span class='ocrx_word' id='word_1_47' title='bbox 939 872 995 911; x_wconf 90' lang='lat' dir='ltr'>ser·</span> 
     </span>
     <span class='ocr_line' id='line_1_8' title="bbox 206 948 995 1016; baseline -0.001 -14"><span class='ocrx_word' id='word_1_48' title='bbox 206 955 266 1014; x_wconf 81' lang='lat' dir='ltr'>rat,</span> <span class='ocrx_word' id='word_1_49' title='bbox 287 948 363 1003; x_wconf 89' lang='lat' dir='ltr'>nulla</span> <span class='ocrx_word' id='word_1_50' title='bbox 376 948 547 1004; x_wconf 78' lang='lat' dir='ltr'>extrinsecus</span> <span class='ocrx_word' id='word_1_51' title='bbox 565 949 743 1016; x_wconf 90' lang='lat' dir='ltr'>corruptione</span> <span class='ocrx_word' id='word_1_52' title='bbox 759 949 848 1003; x_wconf 80' lang='lat' dir='ltr'>lunate</span> <span class='ocrx_word' id='word_1_53' title='bbox 862 966 869 1003; x_wconf 75' lang='grc' dir='ltr'><strong>ε</strong></span> <span class='ocrx_word' id='word_1_54' title='bbox 884 948 937 1003; x_wconf 89' lang='lat' dir='ltr'>tale</span> <span class='ocrx_word' id='word_1_55' title='bbox 955 949 995 1002; x_wconf 88' lang='lat' dir='ltr'>ri-</span> 
     </span>
     <span class='ocr_line' id='line_1_9' title="bbox 206 1038 900 1110; baseline 0.001 -13"><span class='ocrx_word' id='word_1_56' title='bbox 206 1056 274 1097; x_wconf 84' lang='lat' dir='ltr'>uum</span> <span class='ocrx_word' id='word_1_57' title='bbox 286 1053 397 1109; x_wconf 78' lang='lat' dir='ltr'>semper</span> <span class='ocrx_word' id='word_1_58' title='bbox 413 1040 441 1094; x_wconf 91' lang='lat' dir='ltr'>iu</span> <span class='ocrx_word' id='word_1_59' title='bbox 457 1038 557 1094; x_wconf 89' lang='lat' dir='ltr'>meiius</span> <span class='ocrx_word' id='word_1_60' title='bbox 573 1038 692 1108; x_wconf 81' lang='lat' dir='ltr'>proficit,</span> <span class='ocrx_word' id='word_1_61' title='bbox 706 1055 759 1093; x_wconf 93' lang='lat' dir='ltr'>nou</span> <span class='ocrx_word' id='word_1_62' title='bbox 773 1041 799 1094; x_wconf 90' lang='lat' dir='ltr'>iu</span> <span class='ocrx_word' id='word_1_63' title='bbox 814 1041 900 1110; x_wconf 81' lang='lat' dir='ltr'>pejus.</span> 
     </span>
    </p>

    <p class='ocr_par' dir='ltr' id='par_1_7' title="bbox 207 1130 999 1555">
     <span class='ocr_line' id='line_1_10' title="bbox 246 1130 994 1201; baseline 0 -16"><span class='ocrx_word' id='word_1_64' title='bbox 246 1132 374 1201; x_wconf 77' lang='lat' dir='ltr'>‹Repleti</span> <span class='ocrx_word' id='word_1_65' title='bbox 390 1132 480 1187; x_wconf 90' lang='lat' dir='ltr'>lruetu</span> <span class='ocrx_word' id='word_1_66' title='bbox 496 1130 610 1201; x_wconf 77' lang='lat' dir='ltr'>justitia</span> <span class='ocrx_word' id='word_1_67' title='bbox 628 1148 676 1201; x_wconf 89' lang='lat' dir='ltr'>per</span> <span class='ocrx_word' id='word_1_68' title='bbox 699 1133 793 1187; x_wconf 82' lang='lat' dir='ltr'>lesum</span> <span class='ocrx_word' id='word_1_69' title='bbox 817 1135 968 1189; x_wconf 87' lang='lat' dir='ltr'>Christum.</span> <span class='ocrx_word' id='word_1_70' title='bbox 985 1153 994 1185; x_wconf 87' lang='lat' dir='ltr'>r</span> 
     </span>
     <span class='ocr_line' id='line_1_11' title="bbox 207 1222 997 1292; baseline 0.003 -13"><span class='ocrx_word' id='word_1_71' title='bbox 207 1222 269 1279; x_wconf 76' lang='lat' dir='ltr'>Non</span> <span class='ocrx_word' id='word_1_72' title='bbox 287 1225 374 1280; x_wconf 85' lang='lat' dir='ltr'>selum</span> <span class='ocrx_word' id='word_1_73' title='bbox 392 1225 515 1278; x_wconf 81' lang='lat' dir='ltr'>sinceres</span> <span class='ocrx_word' id='word_1_74' title='bbox 528 1223 563 1278; x_wconf 86' lang='lat' dir='ltr'>ab</span> <span class='ocrx_word' id='word_1_75' title='bbox 575 1223 649 1277; x_wconf 91' lang='lat' dir='ltr'>omni</span> <span class='ocrx_word' id='word_1_76' title='bbox 667 1226 842 1292; x_wconf 75' lang='lat' dir='ltr'>corruptione</span> <span class='ocrx_word' id='word_1_77' title='bbox 864 1226 934 1286; x_wconf 84' lang='lat' dir='ltr'>siris.</span> <span class='ocrx_word' id='word_1_78' title='bbox 950 1227 997 1281; x_wconf 87' lang='lat' dir='ltr'>sed</span> 
     </span>
     <span class='ocr_line' id='line_1_12' title="bbox 207 1314 997 1384; baseline 0.003 -17"><span class='ocrx_word' id='word_1_79' title='bbox 207 1315 293 1368; x_wconf 82' lang='lat' dir='ltr'>etiam</span> <span class='ocrx_word' id='word_1_80' title='bbox 310 1314 402 1370; x_wconf 89' lang='lat' dir='ltr'>lrttclu</span> <span class='ocrx_word' id='word_1_81' title='bbox 416 1314 539 1383; x_wconf 79' lang='lat' dir='ltr'>justitiae,</span> <span class='ocrx_word' id='word_1_82' title='bbox 553 1314 698 1369; x_wconf 74' lang='lat' dir='ltr'>abundetis</span> <span class='ocrx_word' id='word_1_83' title='bbox 718 1315 843 1384; x_wconf 78' lang='lat' dir='ltr'>exemplo</span> <span class='ocrx_word' id='word_1_84' title='bbox 870 1314 971 1371; x_wconf 76' lang='lat' dir='ltr'>Christi</span> <span class='ocrx_word' id='word_1_85' title='bbox 991 1335 997 1369; x_wconf 93' lang='lat'>:</span> 
     </span>
     <span class='ocr_line' id='line_1_13' title="bbox 208 1405 999 1474; baseline 0.006 -17"><span class='ocrx_word' id='word_1_86' title='bbox 208 1407 256 1474; x_wconf 76' lang='lat' dir='ltr'>nuri</span> <span class='ocrx_word' id='word_1_87' title='bbox 267 1422 322 1462; x_wconf 91' lang='lat' dir='ltr'>oen</span> <span class='ocrx_word' id='word_1_88' title='bbox 340 1407 420 1461; x_wconf 90' lang='lat' dir='ltr'>mode</span> <span class='ocrx_word' id='word_1_89' title='bbox 436 1406 568 1460; x_wconf 75' lang='lat' dir='ltr'>terlitium</span> <span class='ocrx_word' id='word_1_90' title='bbox 582 1421 634 1474; x_wconf 93' lang='lat' dir='ltr'>ueu</span> <span class='ocrx_word' id='word_1_91' title='bbox 646 1405 741 1470; x_wconf 84' lang='lat' dir='ltr'>babet,</span> <span class='ocrx_word' id='word_1_92' title='bbox 763 1409 812 1461; x_wconf 89' lang='lat' dir='ltr'>sed</span> <span class='ocrx_word' id='word_1_93' title='bbox 828 1407 911 1462; x_wconf 84' lang='lat' dir='ltr'>etiem</span> <span class='ocrx_word' id='word_1_94' title='bbox 926 1409 999 1463; x_wconf 91' lang='lat' dir='ltr'>bono</span> 
     </span>
     <span class='ocr_line' id='line_1_14' title="bbox 210 1497 355 1555; baseline -0.007 0"><span class='ocrx_word' id='word_1_95' title='bbox 210 1497 355 1555; x_wconf 75' lang='lat' dir='ltr'>redundat.</span> 
     </span>
    </p>
   </div>
   <div class='ocr_carea' id='block_1_6' title="bbox 209 1589 1010 3222">
    <p class='ocr_par' dir='ltr' id='par_1_8' title="bbox 214 1589 1000 1742">
     <span class='ocr_line' id='line_1_15' title="bbox 247 1589 1000 1665; baseline 0.009 -20"><span class='ocrx_word' id='word_1_96' title='bbox 247 1589 423 1661; x_wconf 75' lang='lat' dir='ltr'>rlngluriam</span> <span class='ocrx_word' id='word_1_97' title='bbox 437 1603 465 1648; x_wconf 92' lang='lat' dir='ltr'>et</span> <span class='ocrx_word' id='word_1_98' title='bbox 483 1594 592 1650; x_wconf 90' lang='lat' dir='ltr'>laudent</span> <span class='ocrx_word' id='word_1_99' title='bbox 617 1594 677 1651; x_wconf 82' lang='lat' dir='ltr'>[lei.</span> <span class='ocrx_word' id='word_1_100' title='bbox 694 1612 702 1644; x_wconf 86' lang='lat' dir='ltr'>r</span> <span class='ocrx_word' id='word_1_101' title='bbox 722 1593 757 1651; x_wconf 88' lang='lat' dir='ltr'>Ut</span> <span class='ocrx_word' id='word_1_102' title='bbox 783 1595 914 1665; x_wconf 79' lang='lat' dir='ltr'>glorietur</span> <span class='ocrx_word' id='word_1_103' title='bbox 929 1597 1000 1652; x_wconf 86' lang='lat' dir='ltr'>Deus</span> 
     </span>
     <span class='ocr_line' id='line_1_16' title="bbox 214 1682 487 1742; baseline 0.004 -3"><span class='ocrx_word' id='word_1_104' title='bbox 214 1682 487 1742; x_wconf 57' lang='lat' dir='ltr'>mmmmm</span> 
     </span>
    </p>

    <p class='ocr_par' dir='ltr' id='par_1_9' title="bbox 209 1774 1001 2033">
     <span class='ocr_line' id='line_1_17' title="bbox 248 1774 1001 1851; baseline 0.011 -24"><span class='ocrx_word' id='word_1_105' title='bbox 248 1774 342 1832; x_wconf 78' lang='lat' dir='ltr'>‹Sclre</span> <span class='ocrx_word' id='word_1_106' title='bbox 355 1787 444 1831; x_wconf 90' lang='lat' dir='ltr'>autem</span> <span class='ocrx_word' id='word_1_107' title='bbox 459 1779 520 1835; x_wconf 82' lang='lat' dir='ltr'>uoto</span> <span class='ocrx_word' id='word_1_108' title='bbox 531 1794 590 1845; x_wconf 88' lang='lat' dir='ltr'>res,</span> <span class='ocrx_word' id='word_1_109' title='bbox 601 1779 777 1851; x_wconf 63' lang='lat' dir='ltr'>(ramesereia</span> <span class='ocrx_word' id='word_1_110' title='bbox 793 1797 852 1849; x_wconf 71' lang='lat' dir='ltr'>eruar</span> <span class='ocrx_word' id='word_1_111' title='bbox 868 1784 941 1837; x_wconf 86' lang='lat' dir='ltr'>circa</span> <span class='ocrx_word' id='word_1_112' title='bbox 958 1795 1001 1835; x_wconf 86' lang='lat' dir='ltr'>ute</span> 
     </span>
     <span class='ocr_line' id='line_1_18' title="bbox 209 1868 998 1944; baseline 0.006 -22"><span class='ocrx_word' id='word_1_113' title='bbox 209 1876 287 1924; x_wconf 77' lang='lat' dir='ltr'>eunt.</span> <span class='ocrx_word' id='word_1_114' title='bbox 301 1888 311 1923; x_wconf 88' lang='lat' dir='ltr'>t</span> <span class='ocrx_word' id='word_1_115' title='bbox 326 1868 375 1925; x_wconf 87' lang='lat' dir='ltr'>tlte</span> <span class='ocrx_word' id='word_1_116' title='bbox 390 1873 548 1929; x_wconf 84' lang='lat' dir='ltr'>consolator</span> <span class='ocrx_word' id='word_1_117' title='bbox 564 1889 612 1930; x_wconf 91' lang='lat' dir='ltr'>ees</span> <span class='ocrx_word' id='word_1_118' title='bbox 625 1876 658 1930; x_wconf 84' lang='lat' dir='ltr'>de</span> <span class='ocrx_word' id='word_1_119' title='bbox 673 1889 720 1927; x_wconf 86' lang='lat' dir='ltr'>sna</span> <span class='ocrx_word' id='word_1_120' title='bbox 735 1874 910 1928; x_wconf 87' lang='lat' dir='ltr'>tribulatione.</span> <span class='ocrx_word' id='word_1_121' title='bbox 929 1892 936 1928; x_wconf 91' lang='lat'>:</span> <span class='ocrx_word' id='word_1_122' title='bbox 953 1873 998 1944; x_wconf 75' lang='lat' dir='ltr'>utri</span> 
     </span>
     <span class='ocr_line' id='line_1_19' title="bbox 211 1959 957 2033; baseline 0.008 -19"><span class='ocrx_word' id='word_1_123' title='bbox 211 1959 366 2026; x_wconf 72' lang='lat' dir='ltr'>redierant,</span> <span class='ocrx_word' id='word_1_124' title='bbox 377 1977 440 2017; x_wconf 92' lang='lat' dir='ltr'>eum</span> <span class='ocrx_word' id='word_1_125' title='bbox 452 1964 572 2033; x_wconf 74' lang='lat' dir='ltr'>vincirem</span> <span class='ocrx_word' id='word_1_126' title='bbox 590 1967 618 2020; x_wconf 92' lang='lat' dir='ltr'>in</span> <span class='ocrx_word' id='word_1_127' title='bbox 633 1969 698 2022; x_wconf 90' lang='lat' dir='ltr'>urbe</span> <span class='ocrx_word' id='word_1_128' title='bbox 714 1967 798 2020; x_wconf 80' lang='lat' dir='ltr'>[loma</span> <span class='ocrx_word' id='word_1_129' title='bbox 815 1963 957 2021; x_wconf 87' lang='lat' dir='ltr'>custodiri.</span> 
     </span>
    </p>

    <p class='ocr_par' dir='ltr' id='par_1_10' title="bbox 213 2049 1004 2568">
     <span class='ocr_line' id='line_1_20' title="bbox 253 2049 998 2127; baseline 0.009 -23"><span class='ocrx_word' id='word_1_130' title='bbox 253 2070 264 2104; x_wconf 91' lang='grc' dir='ltr'>ι</span> <span class='ocrx_word' id='word_1_131' title='bbox 280 2052 364 2123; x_wconf 74' lang='lat' dir='ltr'>llagls</span> <span class='ocrx_word' id='word_1_132' title='bbox 384 2055 417 2109; x_wconf 86' lang='lat' dir='ltr'>ad</span> <span class='ocrx_word' id='word_1_133' title='bbox 429 2055 581 2124; x_wconf 86' lang='lat' dir='ltr'>proiectum</span> <span class='ocrx_word' id='word_1_134' title='bbox 594 2066 729 2124; x_wconf 85' lang='lat' dir='ltr'>renerent</span> <span class='ocrx_word' id='word_1_135' title='bbox 750 2057 901 2127; x_wconf 70' lang='lat' dir='ltr'>Evangelii,</span> <span class='ocrx_word' id='word_1_136' title='bbox 918 2058 954 2112; x_wconf 76' lang='lat' dir='ltr'>ite</span> <span class='ocrx_word' id='word_1_137' title='bbox 969 2049 998 2111; x_wconf 79' lang='lat' dir='ltr'>u&#39;t</span> 
     </span>
     <span class='ocr_line' id='line_1_21' title="bbox 220 2144 1000 2216; baseline 0.009 -19"><span class='ocrx_word' id='word_1_138' title='bbox 220 2144 331 2199; x_wconf 84' lang='lat' dir='ltr'>riurula</span> <span class='ocrx_word' id='word_1_139' title='bbox 345 2160 404 2200; x_wconf 87' lang='lat' dir='ltr'>ntea</span> <span class='ocrx_word' id='word_1_140' title='bbox 421 2147 564 2202; x_wconf 77' lang='lat' dir='ltr'>manifesta</span> <span class='ocrx_word' id='word_1_141' title='bbox 576 2148 675 2205; x_wconf 78' lang='lat' dir='ltr'>decent</span> <span class='ocrx_word' id='word_1_142' title='bbox 701 2151 728 2204; x_wconf 91' lang='lat' dir='ltr'>iu</span> <span class='ocrx_word' id='word_1_143' title='bbox 742 2149 864 2216; x_wconf 88' lang='lat' dir='ltr'>Christo,</span> <span class='ocrx_word' id='word_1_144' title='bbox 878 2151 906 2204; x_wconf 92' lang='lat' dir='ltr'>in</span> <span class='ocrx_word' id='word_1_145' title='bbox 928 2150 1000 2204; x_wconf 91' lang='lat' dir='ltr'>omni</span> 
     </span>
     <span class='ocr_line' id='line_1_22' title="bbox 213 2236 1003 2306; baseline 0.006 -14"><span class='ocrx_word' id='word_1_146' title='bbox 213 2236 356 2306; x_wconf 84' lang='lat' dir='ltr'>praetorio,</span> <span class='ocrx_word' id='word_1_147' title='bbox 370 2246 399 2294; x_wconf 89' lang='lat' dir='ltr'>et</span> <span class='ocrx_word' id='word_1_148' title='bbox 421 2239 447 2293; x_wconf 89' lang='lat' dir='ltr'>iu</span> <span class='ocrx_word' id='word_1_149' title='bbox 467 2242 575 2297; x_wconf 82' lang='lat' dir='ltr'>caeteris</span> <span class='ocrx_word' id='word_1_150' title='bbox 589 2243 726 2300; x_wconf 87' lang='lat' dir='ltr'>omnibus.</span> <span class='ocrx_word' id='word_1_151' title='bbox 741 2262 751 2295; x_wconf 88' lang='grc' dir='ltr'>ι</span> <span class='ocrx_word' id='word_1_152' title='bbox 767 2243 825 2299; x_wconf 86' lang='grc' dir='ltr'>Νοιι</span> <span class='ocrx_word' id='word_1_153' title='bbox 844 2243 931 2299; x_wconf 89' lang='lat' dir='ltr'>selum</span> <span class='ocrx_word' id='word_1_154' title='bbox 950 2257 1003 2298; x_wconf 93' lang='lat' dir='ltr'>nen</span> 
     </span>
     <span class='ocr_line' id='line_1_23' title="bbox 214 2328 1003 2403; baseline 0.006 -19"><span class='ocrx_word' id='word_1_155' title='bbox 214 2328 393 2396; x_wconf 67' lang='lat' dir='ltr'>emorousae</span> <span class='ocrx_word' id='word_1_156' title='bbox 417 2330 500 2386; x_wconf 89' lang='lat' dir='ltr'>etiam</span> <span class='ocrx_word' id='word_1_157' title='bbox 523 2333 696 2403; x_wconf 77' lang='lat' dir='ltr'>prefuerunt,</span> <span class='ocrx_word' id='word_1_158' title='bbox 713 2337 777 2390; x_wconf 90' lang='lat' dir='ltr'>dum</span> <span class='ocrx_word' id='word_1_159' title='bbox 801 2335 1003 2403; x_wconf 81' lang='lat' dir='ltr'>manifestatur,</span> 
     </span>
     <span class='ocr_line' id='line_1_24' title="bbox 215 2422 1004 2496; baseline 0.006 -22"><span class='ocrx_word' id='word_1_160' title='bbox 215 2433 260 2475; x_wconf 90' lang='lat' dir='ltr'>me</span> <span class='ocrx_word' id='word_1_161' title='bbox 271 2436 327 2474; x_wconf 92' lang='lat' dir='ltr'>nou</span> <span class='ocrx_word' id='word_1_162' title='bbox 342 2422 499 2494; x_wconf 78' lang='lat' dir='ltr'>proaliquo</span> <span class='ocrx_word' id='word_1_163' title='bbox 513 2424 702 2492; x_wconf 89' lang='lat' dir='ltr'>erimine,sed</span> <span class='ocrx_word' id='word_1_164' title='bbox 716 2441 765 2496; x_wconf 90' lang='lat' dir='ltr'>pre</span> <span class='ocrx_word' id='word_1_165' title='bbox 780 2424 891 2483; x_wconf 87' lang='lat' dir='ltr'>Christo</span> <span class='ocrx_word' id='word_1_166' title='bbox 913 2426 1004 2482; x_wconf 85' lang='lat' dir='ltr'>omnin</span> 
     </span>
     <span class='ocr_line' id='line_1_25' title="bbox 214 2511 366 2568; baseline 0.013 -1"><span class='ocrx_word' id='word_1_167' title='bbox 214 2511 366 2568; x_wconf 80' lang='lat' dir='ltr'>sustinere.</span> 
     </span>
    </p>

    <p class='ocr_par' dir='ltr' id='par_1_11' title="bbox 218 2601 1005 2858">
     <span class='ocr_line' id='line_1_26' title="bbox 256 2601 1002 2676; baseline 0.012 -20"><span class='ocrx_word' id='word_1_168' title='bbox 256 2622 267 2656; x_wconf 89' lang='grc' dir='ltr'>ι</span> <span class='ocrx_word' id='word_1_169' title='bbox 280 2601 317 2661; x_wconf 78' lang='lat' dir='ltr'>Ut</span> <span class='ocrx_word' id='word_1_170' title='bbox 330 2605 424 2676; x_wconf 75' lang='lat' dir='ltr'>pierres</span> <span class='ocrx_word' id='word_1_171' title='bbox 442 2622 458 2662; x_wconf 93' lang='lat' dir='ltr'>e</span> <span class='ocrx_word' id='word_1_172' title='bbox 473 2608 604 2665; x_wconf 83' lang='lat' dir='ltr'>iratribus</span> <span class='ocrx_word' id='word_1_173' title='bbox 620 2610 646 2665; x_wconf 95' lang='lat' dir='ltr'>in</span> <span class='ocrx_word' id='word_1_174' title='bbox 661 2611 776 2666; x_wconf 85' lang='lat' dir='ltr'>Domino</span> <span class='ocrx_word' id='word_1_175' title='bbox 792 2610 974 2669; x_wconf 79' lang='lat' dir='ltr'>confidentes.</span> <span class='ocrx_word' id='word_1_176' title='bbox 993 2632 1002 2665; x_wconf 84' lang='grc' dir='ltr'>ι</span> 
     </span>
     <span class='ocr_line' id='line_1_27' title="bbox 218 2695 1005 2771; baseline 0.009 -21"><span class='ocrx_word' id='word_1_177' title='bbox 218 2695 390 2754; x_wconf 80' lang='lat' dir='ltr'>Pluresme&#39;a</span> <span class='ocrx_word' id='word_1_178' title='bbox 421 2701 600 2759; x_wconf 88' lang='lat' dir='ltr'>tribulatione</span> <span class='ocrx_word' id='word_1_179' title='bbox 622 2710 779 2760; x_wconf 78' lang='lat' dir='ltr'>constantes</span> <span class='ocrx_word' id='word_1_180' title='bbox 806 2703 897 2761; x_wconf 83' lang='lat' dir='ltr'>edocti</span> <span class='ocrx_word' id='word_1_181' title='bbox 930 2712 1005 2771; x_wconf 94' lang='lat' dir='ltr'>sunt,</span> 
     </span>
     <span class='ocr_line' id='line_1_28' title="bbox 219 2793 455 2858; baseline 0.03 -15"><span class='ocrx_word' id='word_1_182' title='bbox 219 2803 302 2858; x_wconf 80' lang='lat' dir='ltr'>qnam</span> <span class='ocrx_word' id='word_1_183' title='bbox 320 2793 455 2849; x_wconf 90' lang='lat' dir='ltr'>doctriua.</span> 
     </span>
    </p>

    <p class='ocr_par' dir='ltr' id='par_1_12' title="bbox 220 2884 1010 3222">
     <span class='ocr_line' id='line_1_29' title="bbox 259 2884 1010 2947; baseline 0.011 -12"><span class='ocrx_word' id='word_1_184' title='bbox 259 2901 269 2935; x_wconf 90' lang='grc' dir='ltr'>ι</span> <span class='ocrx_word' id='word_1_185' title='bbox 284 2884 313 2939; x_wconf 92' lang='lat' dir='ltr'>ln</span> <span class='ocrx_word' id='word_1_186' title='bbox 325 2886 445 2945; x_wconf 80' lang='lat' dir='ltr'>vinculis</span> <span class='ocrx_word' id='word_1_187' title='bbox 462 2888 531 2943; x_wconf 90' lang='lat' dir='ltr'>meis</span> <span class='ocrx_word' id='word_1_188' title='bbox 548 2887 736 2945; x_wconf 91' lang='lat' dir='ltr'>abuudantius</span> <span class='ocrx_word' id='word_1_189' title='bbox 751 2890 883 2946; x_wconf 87' lang='lat' dir='ltr'>auderent</span> <span class='ocrx_word' id='word_1_190' title='bbox 900 2891 960 2947; x_wconf 90' lang='lat' dir='ltr'>sine</span> <span class='ocrx_word' id='word_1_191' title='bbox 974 2888 1010 2943; x_wconf 90' lang='lat' dir='ltr'>ti·</span> 
     </span>
     <span class='ocr_line' id='line_1_30' title="bbox 221 2981 1007 3054; baseline 0.003 -21"><span class='ocrx_word' id='word_1_192' title='bbox 221 2994 300 3036; x_wconf 88' lang='lat' dir='ltr'>ruore</span> <span class='ocrx_word' id='word_1_193' title='bbox 326 2982 441 3037; x_wconf 82' lang='lat' dir='ltr'>verbum</span> <span class='ocrx_word' id='word_1_194' title='bbox 472 2982 520 3040; x_wconf 82' lang='lat' dir='ltr'>bei</span> <span class='ocrx_word' id='word_1_195' title='bbox 541 2983 650 3054; x_wconf 78' lang='lat' dir='ltr'>loqui.»</span> <span class='ocrx_word' id='word_1_196' title='bbox 680 2981 855 3037; x_wconf 71' lang='lat' dir='ltr'>vinculorum</span> <span class='ocrx_word' id='word_1_197' title='bbox 886 2997 1007 3036; x_wconf 89' lang='lat' dir='ltr'>meorum</span> 
     </span>
     <span class='ocr_line' id='line_1_31' title="bbox 220 3072 1009 3145; baseline 0.003 -21"><span class='ocrx_word' id='word_1_198' title='bbox 220 3072 348 3139; x_wconf 78' lang='lat' dir='ltr'>exemplo</span> <span class='ocrx_word' id='word_1_199' title='bbox 358 3082 419 3130; x_wconf 88' lang='lat' dir='ltr'>sunt</span> <span class='ocrx_word' id='word_1_200' title='bbox 433 3075 549 3143; x_wconf 89' lang='lat' dir='ltr'>incitati,</span> <span class='ocrx_word' id='word_1_201' title='bbox 562 3077 626 3130; x_wconf 91' lang='lat' dir='ltr'>dum</span> <span class='ocrx_word' id='word_1_202' title='bbox 642 3089 684 3130; x_wconf 90' lang='lat' dir='ltr'>me</span> <span class='ocrx_word' id='word_1_203' title='bbox 700 3076 828 3131; x_wconf 86' lang='lat' dir='ltr'>uiderunt</span> <span class='ocrx_word' id='word_1_204' title='bbox 839 3089 888 3145; x_wconf 94' lang='lat' dir='ltr'>pre</span> <span class='ocrx_word' id='word_1_205' title='bbox 898 3075 1009 3129; x_wconf 86' lang='lat' dir='ltr'>Christo</span> 
     </span>
     <span class='ocr_line' id='line_1_32' title="bbox 220 3158 565 3222; baseline 0.014 -5"><span class='ocrx_word' id='word_1_206' title='bbox 220 3158 401 3220; x_wconf 79' lang='lat' dir='ltr'>hircntissime</span> <span class='ocrx_word' id='word_1_207' title='bbox 415 3167 565 3222; x_wconf 87' lang='lat' dir='ltr'>sustinere.</span> 
     </span>
    </p>
   </div>
   <div class='ocr_carea' id='block_1_7' title="bbox 1047 670 1844 3046">
    <p class='ocr_par' dir='ltr' id='par_1_13' title="bbox 1047 670 1833 934">
     <span class='ocr_line' id='line_1_33' title="bbox 1047 670 1832 746; baseline -0.013 -13"><span class='ocrx_word' id='word_1_208' title='bbox 1047 678 1075 732; x_wconf 92' lang='lat' dir='ltr'>in</span> <span class='ocrx_word' id='word_1_209' title='bbox 1086 676 1201 732; x_wconf 89' lang='lat' dir='ltr'>salutern</span> <span class='ocrx_word' id='word_1_210' title='bbox 1213 674 1354 745; x_wconf 80' lang='lat' dir='ltr'>proveniet</span> <span class='ocrx_word' id='word_1_211' title='bbox 1368 691 1375 727; x_wconf 76' lang='grc' dir='ltr'>ι</span> <span class='ocrx_word' id='word_1_212' title='bbox 1390 675 1451 746; x_wconf 75' lang='lat' dir='ltr'>quia</span> <span class='ocrx_word' id='word_1_213' title='bbox 1469 688 1523 728; x_wconf 89' lang='lat' dir='ltr'>neu</span> <span class='ocrx_word' id='word_1_214' title='bbox 1546 672 1633 728; x_wconf 91' lang='lat' dir='ltr'>solum</span> <span class='ocrx_word' id='word_1_215' title='bbox 1650 686 1698 741; x_wconf 80' lang='lat' dir='ltr'>per</span> <span class='ocrx_word' id='word_1_216' title='bbox 1720 670 1832 725; x_wconf 84' lang='lat' dir='ltr'>terbum</span> 
     </span>
     <span class='ocr_line' id='line_1_34' title="bbox 1047 764 1833 842; baseline -0.009 -17"><span class='ocrx_word' id='word_1_217' title='bbox 1047 781 1073 826; x_wconf 89' lang='lat' dir='ltr'>et</span> <span class='ocrx_word' id='word_1_218' title='bbox 1095 771 1251 842; x_wconf 84' lang='lat' dir='ltr'>passionem</span> <span class='ocrx_word' id='word_1_219' title='bbox 1270 784 1370 837; x_wconf 89' lang='lat' dir='ltr'>meam,</span> <span class='ocrx_word' id='word_1_220' title='bbox 1397 768 1542 825; x_wconf 87' lang='lat' dir='ltr'>sedetiam</span> <span class='ocrx_word' id='word_1_221' title='bbox 1563 782 1611 838; x_wconf 82' lang='lat' dir='ltr'>per</span> <span class='ocrx_word' id='word_1_222' title='bbox 1628 767 1720 822; x_wconf 91' lang='lat' dir='ltr'>odium</span> <span class='ocrx_word' id='word_1_223' title='bbox 1732 764 1833 819; x_wconf 84' lang='lat' dir='ltr'>Christi</span> 
     </span>
     <span class='ocr_line' id='line_1_35' title="bbox 1050 866 1391 934; baseline -0.003 -12"><span class='ocrx_word' id='word_1_224' title='bbox 1050 866 1173 922; x_wconf 76' lang='lat' dir='ltr'>Ecclesia</span> <span class='ocrx_word' id='word_1_225' title='bbox 1191 876 1391 934; x_wconf 74' lang='lat' dir='ltr'>augmentatur.</span> 
     </span>
    </p>

    <p class='ocr_par' dir='ltr' id='par_1_14' title="bbox 1049 949 1831 1123">
     <span class='ocr_line' id='line_1_36' title="bbox 1088 949 1831 1025; baseline -0.011 -17"><span class='ocrx_word' id='word_1_226' title='bbox 1088 958 1145 1014; x_wconf 75' lang='lat' dir='ltr'>«Et</span> <span class='ocrx_word' id='word_1_227' title='bbox 1174 959 1458 1014; x_wconf 80' lang='lat' dir='ltr'>subministrationem</span> <span class='ocrx_word' id='word_1_228' title='bbox 1483 952 1668 1025; x_wconf 87' lang='lat' dir='ltr'>spirituslrsu</span> <span class='ocrx_word' id='word_1_229' title='bbox 1694 949 1831 1004; x_wconf 71' lang='lat' dir='ltr'>Christi.»</span> 
     </span>
     <span class='ocr_line' id='line_1_37' title="bbox 1049 1042 1825 1123; baseline -0.021 -19"><span class='ocrx_word' id='word_1_230' title='bbox 1049 1050 1118 1118; x_wconf 79' lang='lat' dir='ltr'>Quia</span> <span class='ocrx_word' id='word_1_231' title='bbox 1136 1053 1169 1109; x_wconf 86' lang='lat' dir='ltr'>ad</span> <span class='ocrx_word' id='word_1_232' title='bbox 1188 1068 1275 1107; x_wconf 90' lang='lat' dir='ltr'>meam</span> <span class='ocrx_word' id='word_1_233' title='bbox 1291 1050 1441 1120; x_wconf 87' lang='lat' dir='ltr'>peremnia</span> <span class='ocrx_word' id='word_1_234' title='bbox 1457 1046 1570 1101; x_wconf 89' lang='lat' dir='ltr'>salutem</span> <span class='ocrx_word' id='word_1_235' title='bbox 1590 1042 1744 1114; x_wconf 74' lang='lat' dir='ltr'>gubernati.</span> <span class='ocrx_word' id='word_1_236' title='bbox 1821 1116 1825 1123; x_wconf 27' lang='grc'><em>“</em></span> 
     </span>
    </p>

    <p class='ocr_par' dir='ltr' id='par_1_15' title="bbox 1051 1139 1834 1306">
     <span class='ocr_line' id='line_1_38' title="bbox 1089 1139 1834 1211; baseline -0.026 -10"><span class='ocrx_word' id='word_1_237' title='bbox 1089 1144 1267 1201; x_wconf 75' lang='lat' dir='ltr'>«Secundum</span> <span class='ocrx_word' id='word_1_238' title='bbox 1296 1139 1529 1211; x_wconf 78' lang='lat' dir='ltr'>exspectationem</span> <span class='ocrx_word' id='word_1_239' title='bbox 1556 1147 1583 1192; x_wconf 90' lang='lat' dir='ltr'>et</span> <span class='ocrx_word' id='word_1_240' title='bbox 1606 1149 1681 1206; x_wconf 89' lang='lat' dir='ltr'>spem</span> <span class='ocrx_word' id='word_1_241' title='bbox 1706 1146 1834 1187; x_wconf 76' lang='lat' dir='ltr'>meam.»</span> 
     </span>
     <span class='ocr_line' id='line_1_39' title="bbox 1051 1223 1834 1306; baseline -0.014 -15"><span class='ocrx_word' id='word_1_242' title='bbox 1051 1238 1118 1306; x_wconf 80' lang='lat' dir='ltr'>Quia</span> <span class='ocrx_word' id='word_1_243' title='bbox 1136 1238 1169 1292; x_wconf 90' lang='lat' dir='ltr'>de</span> <span class='ocrx_word' id='word_1_244' title='bbox 1184 1236 1311 1292; x_wconf 90' lang='lat' dir='ltr'>omuibus</span> <span class='ocrx_word' id='word_1_245' title='bbox 1327 1235 1370 1290; x_wconf 91' lang='lat' dir='ltr'>his</span> <span class='ocrx_word' id='word_1_246' title='bbox 1391 1241 1521 1302; x_wconf 80' lang='lat' dir='ltr'>exspecto</span> <span class='ocrx_word' id='word_1_247' title='bbox 1533 1239 1558 1285; x_wconf 90' lang='lat' dir='ltr'>ct</span> <span class='ocrx_word' id='word_1_248' title='bbox 1574 1243 1654 1298; x_wconf 91' lang='lat' dir='ltr'>spere</span> <span class='ocrx_word' id='word_1_249' title='bbox 1669 1223 1834 1280; x_wconf 71' lang='lat' dir='ltr'>mercedum.</span> 
     </span>
    </p>

    <p class='ocr_par' dir='ltr' id='par_1_16' title="bbox 1051 1315 1838 2040">
     <span class='ocr_line' id='line_1_40' title="bbox 1089 1315 1832 1394; baseline -0.026 -14"><span class='ocrx_word' id='word_1_250' title='bbox 1089 1346 1097 1380; x_wconf 91' lang='grc' dir='ltr'>ι</span> <span class='ocrx_word' id='word_1_251' title='bbox 1112 1328 1180 1394; x_wconf 82' lang='lat' dir='ltr'>Quia</span> <span class='ocrx_word' id='word_1_252' title='bbox 1200 1328 1227 1381; x_wconf 90' lang='lat' dir='ltr'>iu</span> <span class='ocrx_word' id='word_1_253' title='bbox 1245 1326 1319 1380; x_wconf 91' lang='lat' dir='ltr'>nulle</span> <span class='ocrx_word' id='word_1_254' title='bbox 1336 1323 1495 1380; x_wconf 77' lang='lat' dir='ltr'>consumier.</span> <span class='ocrx_word' id='word_1_255' title='bbox 1513 1340 1523 1372; x_wconf 87' lang='lat' dir='ltr'>r</span> <span class='ocrx_word' id='word_1_256' title='bbox 1541 1318 1635 1386; x_wconf 83' lang='lat' dir='ltr'>Nemte</span> <span class='ocrx_word' id='word_1_257' title='bbox 1659 1316 1686 1370; x_wconf 85' lang='lat' dir='ltr'>iu</span> <span class='ocrx_word' id='word_1_258' title='bbox 1701 1315 1766 1370; x_wconf 87' lang='lat' dir='ltr'>uita.</span> <span class='ocrx_word' id='word_1_259' title='bbox 1783 1325 1832 1366; x_wconf 84' lang='lat' dir='ltr'>ur.-</span> 
     </span>
     <span class='ocr_line' id='line_1_41' title="bbox 1052 1406 1834 1490; baseline -0.023 -18"><span class='ocrx_word' id='word_1_260' title='bbox 1052 1435 1105 1490; x_wconf 81' lang='lat' dir='ltr'>que</span> <span class='ocrx_word' id='word_1_261' title='bbox 1126 1420 1153 1473; x_wconf 88' lang='lat' dir='ltr'>iu</span> <span class='ocrx_word' id='word_1_262' title='bbox 1170 1429 1269 1482; x_wconf 89' lang='lat' dir='ltr'>mertc,</span> <span class='ocrx_word' id='word_1_263' title='bbox 1285 1432 1374 1486; x_wconf 85' lang='lat' dir='ltr'>rrcqrtc</span> <span class='ocrx_word' id='word_1_264' title='bbox 1393 1417 1419 1470; x_wconf 84' lang='lat' dir='ltr'>in</span> <span class='ocrx_word' id='word_1_265' title='bbox 1437 1411 1620 1475; x_wconf 88' lang='lat' dir='ltr'>contumeliis,</span> <span class='ocrx_word' id='word_1_266' title='bbox 1639 1423 1727 1477; x_wconf 83' lang='lat' dir='ltr'>neque</span> <span class='ocrx_word' id='word_1_267' title='bbox 1744 1406 1770 1459; x_wconf 89' lang='lat' dir='ltr'>itt</span> <span class='ocrx_word' id='word_1_268' title='bbox 1785 1421 1834 1471; x_wconf 87' lang='lat' dir='ltr'>np-</span> 
     </span>
     <span class='ocr_line' id='line_1_42' title="bbox 1052 1497 1835 1581; baseline -0.026 -14"><span class='ocrx_word' id='word_1_269' title='bbox 1052 1511 1180 1581; x_wconf 91' lang='lat' dir='ltr'>proltriis,</span> <span class='ocrx_word' id='word_1_270' title='bbox 1193 1510 1313 1580; x_wconf 83' lang='lat' dir='ltr'>denique</span> <span class='ocrx_word' id='word_1_271' title='bbox 1322 1509 1348 1563; x_wconf 91' lang='lat' dir='ltr'>in</span> <span class='ocrx_word' id='word_1_272' title='bbox 1359 1506 1434 1562; x_wconf 90' lang='lat' dir='ltr'>nulle</span> <span class='ocrx_word' id='word_1_273' title='bbox 1448 1505 1593 1574; x_wconf 73' lang='lat' dir='ltr'>Apostolus</span> <span class='ocrx_word' id='word_1_274' title='bbox 1604 1497 1835 1556; x_wconf 84' lang='lat' dir='ltr'>eeulrmdcltatur.</span> 
     </span>
     <span class='ocr_line' id='line_1_43' title="bbox 1051 1593 1838 1662; baseline -0.025 -2"><span class='ocrx_word' id='word_1_275' title='bbox 1051 1605 1106 1661; x_wconf 88' lang='lat' dir='ltr'>Nes</span> <span class='ocrx_word' id='word_1_276' title='bbox 1120 1606 1145 1658; x_wconf 91' lang='lat' dir='ltr'>in</span> <span class='ocrx_word' id='word_1_277' title='bbox 1161 1603 1288 1658; x_wconf 90' lang='lat' dir='ltr'>omnibus</span> <span class='ocrx_word' id='word_1_278' title='bbox 1303 1600 1508 1656; x_wconf 88' lang='lat' dir='ltr'>erubescimus:</span> <span class='ocrx_word' id='word_1_279' title='bbox 1525 1606 1551 1651; x_wconf 89' lang='lat' dir='ltr'>et</span> <span class='ocrx_word' id='word_1_280' title='bbox 1571 1596 1598 1651; x_wconf 91' lang='lat' dir='ltr'>iu</span> <span class='ocrx_word' id='word_1_281' title='bbox 1619 1610 1674 1662; x_wconf 78' lang='lat' dir='ltr'>ntro</span> <span class='ocrx_word' id='word_1_282' title='bbox 1698 1593 1838 1658; x_wconf 82' lang='lat' dir='ltr'>uitupera-</span> 
     </span>
     <span class='ocr_line' id='line_1_44' title="bbox 1052 1681 1837 1765; baseline -0.029 -10"><span class='ocrx_word' id='word_1_283' title='bbox 1052 1717 1124 1765; x_wconf 92' lang='lat' dir='ltr'>ntur,</span> <span class='ocrx_word' id='word_1_284' title='bbox 1137 1701 1210 1753; x_wconf 91' lang='lat' dir='ltr'>ultra</span> <span class='ocrx_word' id='word_1_285' title='bbox 1226 1694 1415 1756; x_wconf 83' lang='lat' dir='ltr'>noniaeimus,</span> <span class='ocrx_word' id='word_1_286' title='bbox 1432 1688 1559 1760; x_wconf 80' lang='lat' dir='ltr'>quamsit</span> <span class='ocrx_word' id='word_1_287' title='bbox 1584 1685 1734 1742; x_wconf 87' lang='lat' dir='ltr'>secuudum</span> <span class='ocrx_word' id='word_1_288' title='bbox 1755 1681 1837 1734; x_wconf 85' lang='lat' dir='ltr'>Deum</span> 
     </span>
     <span class='ocr_line' id='line_1_45' title="bbox 1053 1775 1838 1862; baseline -0.036 -11"><span class='ocrx_word' id='word_1_289' title='bbox 1053 1792 1239 1862; x_wconf 83' lang='lat' dir='ltr'>coeperimus:</span> <span class='ocrx_word' id='word_1_290' title='bbox 1260 1790 1331 1844; x_wconf 88' lang='lat' dir='ltr'>uude</span> <span class='ocrx_word' id='word_1_291' title='bbox 1356 1783 1534 1846; x_wconf 87' lang='lat' dir='ltr'>ostendimus,</span> <span class='ocrx_word' id='word_1_292' title='bbox 1550 1795 1603 1834; x_wconf 92' lang='lat' dir='ltr'>uon</span> <span class='ocrx_word' id='word_1_293' title='bbox 1625 1775 1766 1834; x_wconf 85' lang='lat' dir='ltr'>laudibus.</span> <span class='ocrx_word' id='word_1_294' title='bbox 1784 1786 1838 1825; x_wconf 87' lang='lat' dir='ltr'>non</span> 
     </span>
     <span class='ocr_line' id='line_1_46' title="bbox 1054 1864 1837 1948; baseline -0.032 -7"><span class='ocrx_word' id='word_1_295' title='bbox 1054 1885 1164 1941; x_wconf 90' lang='lat' dir='ltr'>Christo</span> <span class='ocrx_word' id='word_1_296' title='bbox 1191 1881 1305 1938; x_wconf 83' lang='lat' dir='ltr'>servire.</span> <span class='ocrx_word' id='word_1_297' title='bbox 1323 1877 1469 1948; x_wconf 78' lang='lat' dir='ltr'>apostotus</span> <span class='ocrx_word' id='word_1_298' title='bbox 1489 1888 1543 1928; x_wconf 92' lang='lat' dir='ltr'>nen</span> <span class='ocrx_word' id='word_1_299' title='bbox 1568 1868 1787 1926; x_wconf 89' lang='lat' dir='ltr'>eouhrndebatur</span> <span class='ocrx_word' id='word_1_300' title='bbox 1810 1864 1837 1918; x_wconf 95' lang='lat' dir='ltr'>in</span> 
     </span>
     <span class='ocr_line' id='line_1_47' title="bbox 1053 1962 1658 2040; baseline -0.031 -7"><span class='ocrx_word' id='word_1_301' title='bbox 1053 1975 1171 2040; x_wconf 89' lang='lat' dir='ltr'>catenis,</span> <span class='ocrx_word' id='word_1_302' title='bbox 1187 1969 1440 2028; x_wconf 85' lang='lat' dir='ltr'>uescenlnnrlimur</span> <span class='ocrx_word' id='word_1_303' title='bbox 1457 1962 1658 2032; x_wconf 85' lang='lat' dir='ltr'>ineeprobriis.</span> 
     </span>
    </p>

    <p class='ocr_par' dir='ltr' id='par_1_17' title="bbox 1054 2051 1839 2239">
     <span class='ocr_line' id='line_1_48' title="bbox 1094 2051 1839 2127; baseline -0.023 -6"><span class='ocrx_word' id='word_1_304' title='bbox 1094 2069 1170 2123; x_wconf 73' lang='lat' dir='ltr'>«Sed</span> <span class='ocrx_word' id='word_1_305' title='bbox 1193 2066 1307 2122; x_wconf 88' lang='lat' dir='ltr'>inomni</span> <span class='ocrx_word' id='word_1_306' title='bbox 1324 2063 1434 2127; x_wconf 88' lang='lat' dir='ltr'>llducia,</span> <span class='ocrx_word' id='word_1_307' title='bbox 1452 2061 1523 2115; x_wconf 87' lang='lat' dir='ltr'>sieut</span> <span class='ocrx_word' id='word_1_308' title='bbox 1538 2069 1654 2126; x_wconf 83' lang='lat' dir='ltr'>seurper.</span> <span class='ocrx_word' id='word_1_309' title='bbox 1669 2073 1679 2106; x_wconf 88' lang='grc' dir='ltr'>ι</span> <span class='ocrx_word' id='word_1_310' title='bbox 1698 2051 1776 2108; x_wconf 83' lang='lat' dir='ltr'>Nulla</span> <span class='ocrx_word' id='word_1_311' title='bbox 1794 2064 1839 2105; x_wconf 87' lang='lat' dir='ltr'>res</span> 
     </span>
     <span class='ocr_line' id='line_1_49' title="bbox 1054 2159 1491 2239; baseline -0.025 -23"><span class='ocrx_word' id='word_1_312' title='bbox 1054 2161 1153 2233; x_wconf 80' lang='lat' dir='ltr'>poterit</span> <span class='ocrx_word' id='word_1_313' title='bbox 1171 2159 1321 2213; x_wconf 80' lang='lat' dir='ltr'>deterrere.</span> <span class='ocrx_word' id='word_1_314' title='bbox 1489 2234 1491 2239; x_wconf 20' lang='grc' dir='ltr'>Ι</span> 
     </span>
    </p>

    <p class='ocr_par' dir='ltr' id='par_1_18' title="bbox 1056 2239 1842 2694">
     <span class='ocr_line' id='line_1_50' title="bbox 1094 2239 1841 2318; baseline -0.032 -10"><span class='ocrx_word' id='word_1_315' title='bbox 1094 2253 1149 2308; x_wconf 78' lang='lat' dir='ltr'>‹Et</span> <span class='ocrx_word' id='word_1_316' title='bbox 1182 2263 1254 2306; x_wconf 91' lang='lat' dir='ltr'>nunc</span> <span class='ocrx_word' id='word_1_317' title='bbox 1280 2239 1642 2318; x_wconf 75' lang='lat' dir='ltr'>magnieeabtnucmistm</span> <span class='ocrx_word' id='word_1_318' title='bbox 1674 2239 1700 2289; x_wconf 93' lang='lat' dir='ltr'>ln</span> <span class='ocrx_word' id='word_1_319' title='bbox 1724 2246 1841 2302; x_wconf 89' lang='lat' dir='ltr'>corpore</span> 
     </span>
     <span class='ocr_line' id='line_1_51' title="bbox 1056 2330 1841 2402; baseline -0.032 -1"><span class='ocrx_word' id='word_1_320' title='bbox 1056 2361 1128 2402; x_wconf 89' lang='lat' dir='ltr'>meo.</span> <span class='ocrx_word' id='word_1_321' title='bbox 1145 2363 1155 2398; x_wconf 92' lang='lat' dir='ltr'>t</span> <span class='ocrx_word' id='word_1_322' title='bbox 1171 2343 1295 2398; x_wconf 88' lang='lat' dir='ltr'>inimicis</span> <span class='ocrx_word' id='word_1_323' title='bbox 1311 2339 1370 2395; x_wconf 90' lang='lat' dir='ltr'>suis</span> <span class='ocrx_word' id='word_1_324' title='bbox 1390 2335 1513 2397; x_wconf 91' lang='lat' dir='ltr'>insultat,</span> <span class='ocrx_word' id='word_1_325' title='bbox 1528 2332 1599 2402; x_wconf 78' lang='lat' dir='ltr'>quod</span> <span class='ocrx_word' id='word_1_326' title='bbox 1620 2330 1647 2384; x_wconf 89' lang='lat' dir='ltr'>ei</span> <span class='ocrx_word' id='word_1_327' title='bbox 1666 2341 1765 2382; x_wconf 86' lang='lat' dir='ltr'>nocere</span> <span class='ocrx_word' id='word_1_328' title='bbox 1787 2336 1841 2378; x_wconf 91' lang='grc' dir='ltr'>ιιοιι</span> 
     </span>
     <span class='ocr_line' id='line_1_52' title="bbox 1056 2420 1842 2494; baseline -0.031 -1"><span class='ocrx_word' id='word_1_329' title='bbox 1056 2440 1177 2494; x_wconf 76' lang='lat' dir='ltr'>valeant.</span> <span class='ocrx_word' id='word_1_330' title='bbox 1191 2435 1221 2490; x_wconf 87' lang='lat' dir='ltr'>Sl</span> <span class='ocrx_word' id='word_1_331' title='bbox 1237 2433 1309 2489; x_wconf 89' lang='lat' dir='ltr'>eninr</span> <span class='ocrx_word' id='word_1_332' title='bbox 1327 2445 1389 2488; x_wconf 87' lang='lat' dir='ltr'>enm</span> <span class='ocrx_word' id='word_1_333' title='bbox 1403 2427 1565 2488; x_wconf 83' lang='lat' dir='ltr'>occiderint,</span> <span class='ocrx_word' id='word_1_334' title='bbox 1583 2420 1713 2492; x_wconf 82' lang='lat' dir='ltr'>martyrio</span> <span class='ocrx_word' id='word_1_335' title='bbox 1727 2431 1842 2473; x_wconf 86' lang='lat' dir='ltr'>corena-</span> 
     </span>
     <span class='ocr_line' id='line_1_53' title="bbox 1058 2509 1841 2586; baseline -0.033 0"><span class='ocrx_word' id='word_1_336' title='bbox 1058 2531 1140 2586; x_wconf 88' lang='lat' dir='ltr'>bitrtr.</span> <span class='ocrx_word' id='word_1_337' title='bbox 1159 2528 1188 2583; x_wconf 91' lang='lat' dir='ltr'>Si</span> <span class='ocrx_word' id='word_1_338' title='bbox 1207 2525 1380 2582; x_wconf 71' lang='lat' dir='ltr'>servaverint</span> <span class='ocrx_word' id='word_1_339' title='bbox 1403 2520 1436 2575; x_wconf 90' lang='lat' dir='ltr'>ad</span> <span class='ocrx_word' id='word_1_340' title='bbox 1450 2518 1591 2575; x_wconf 85' lang='lat' dir='ltr'>Christum</span> <span class='ocrx_word' id='word_1_341' title='bbox 1609 2509 1841 2571; x_wconf 81' lang='lat' dir='ltr'>annuntiandum,</span> 
     </span>
     <span class='ocr_line' id='line_1_54' title="bbox 1058 2614 1465 2694; baseline -0.029 -17"><span class='ocrx_word' id='word_1_342' title='bbox 1058 2622 1205 2694; x_wconf 91' lang='lat' dir='ltr'>plurimum</span> <span class='ocrx_word' id='word_1_343' title='bbox 1219 2618 1320 2673; x_wconf 87' lang='lat' dir='ltr'>lacient</span> <span class='ocrx_word' id='word_1_344' title='bbox 1333 2614 1465 2670; x_wconf 89' lang='lat' dir='ltr'>lructum.</span> 
     </span>
    </p>

    <p class='ocr_par' dir='ltr' id='par_1_19' title="bbox 1060 2695 1844 2870">
     <span class='ocr_line' id='line_1_55' title="bbox 1096 2695 1844 2791; baseline -0.031 -23"><span class='ocrx_word' id='word_1_345' title='bbox 1096 2733 1105 2768; x_wconf 89' lang='grc' dir='ltr'>ι</span> <span class='ocrx_word' id='word_1_346' title='bbox 1121 2715 1184 2770; x_wconf 82' lang='lat' dir='ltr'>Sive</span> <span class='ocrx_word' id='word_1_347' title='bbox 1195 2727 1244 2784; x_wconf 87' lang='lat' dir='ltr'>per</span> <span class='ocrx_word' id='word_1_348' title='bbox 1255 2712 1349 2773; x_wconf 84' lang='lat' dir='ltr'>uitam,</span> <span class='ocrx_word' id='word_1_349' title='bbox 1367 2709 1425 2763; x_wconf 84' lang='lat' dir='ltr'>sire</span> <span class='ocrx_word' id='word_1_350' title='bbox 1436 2720 1484 2773; x_wconf 90' lang='lat' dir='ltr'>per</span> <span class='ocrx_word' id='word_1_351' title='bbox 1499 2710 1627 2757; x_wconf 89' lang='lat' dir='ltr'>mertem.</span> <span class='ocrx_word' id='word_1_352' title='bbox 1642 2697 1696 2751; x_wconf 85' lang='lat' dir='ltr'>rEt</span> <span class='ocrx_word' id='word_1_353' title='bbox 1726 2695 1781 2791; x_wconf 67' lang='lat' dir='ltr'>uita</span> <span class='ocrx_word' id='word_1_354' title='bbox 1797 2709 1844 2747; x_wconf 84' lang='lat' dir='ltr'>uu·</span> 
     </span>
     <span class='ocr_line' id='line_1_56' title="bbox 1060 2784 1791 2870; baseline -0.033 -7"><span class='ocrx_word' id='word_1_355' title='bbox 1060 2813 1116 2863; x_wconf 87' lang='lat' dir='ltr'>stra</span> <span class='ocrx_word' id='word_1_356' title='bbox 1128 2816 1154 2859; x_wconf 85' lang='lat' dir='ltr'>er</span> <span class='ocrx_word' id='word_1_357' title='bbox 1172 2819 1245 2859; x_wconf 88' lang='lat' dir='ltr'>mors</span> <span class='ocrx_word' id='word_1_358' title='bbox 1261 2805 1294 2856; x_wconf 89' lang='lat' dir='ltr'>ad</span> <span class='ocrx_word' id='word_1_359' title='bbox 1310 2795 1538 2870; x_wconf 74' lang='lat' dir='ltr'>magnificentiam</span> <span class='ocrx_word' id='word_1_360' title='bbox 1552 2792 1670 2860; x_wconf 84' lang='lat' dir='ltr'>pertinet</span> <span class='ocrx_word' id='word_1_361' title='bbox 1678 2784 1791 2843; x_wconf 86' lang='lat' dir='ltr'>Christi.</span> 
     </span>
    </p>

    <p class='ocr_par' dir='ltr' id='par_1_20' title="bbox 1060 2878 1844 3046">
     <span class='ocr_line' id='line_1_57' title="bbox 1097 2878 1844 2952; baseline -0.031 -2"><span class='ocrx_word' id='word_1_362' title='bbox 1097 2918 1106 2950; x_wconf 92' lang='grc' dir='ltr'>ι</span> <span class='ocrx_word' id='word_1_363' title='bbox 1119 2897 1184 2952; x_wconf 81' lang='lat' dir='ltr'>tttlri</span> <span class='ocrx_word' id='word_1_364' title='bbox 1203 2897 1275 2951; x_wconf 90' lang='lat' dir='ltr'>enim</span> <span class='ocrx_word' id='word_1_365' title='bbox 1290 2893 1382 2947; x_wconf 87' lang='lat' dir='ltr'>uiuere</span> <span class='ocrx_word' id='word_1_366' title='bbox 1395 2889 1520 2945; x_wconf 86' lang='lat' dir='ltr'>Christus</span> <span class='ocrx_word' id='word_1_367' title='bbox 1532 2897 1584 2940; x_wconf 91' lang='lat' dir='ltr'>est.</span> <span class='ocrx_word' id='word_1_368' title='bbox 1597 2902 1606 2933; x_wconf 85' lang='lat' dir='ltr'>r</span> <span class='ocrx_word' id='word_1_369' title='bbox 1624 2879 1681 2934; x_wconf 84' lang='lat' dir='ltr'>Noe</span> <span class='ocrx_word' id='word_1_370' title='bbox 1694 2878 1746 2931; x_wconf 86' lang='lat' dir='ltr'>alia</span> <span class='ocrx_word' id='word_1_371' title='bbox 1762 2886 1844 2930; x_wconf 81' lang='lat' dir='ltr'>eausa</span> 
     </span>
     <span class='ocr_line' id='line_1_58' title="bbox 1060 2967 1842 3046; baseline -0.035 -2"><span class='ocrx_word' id='word_1_372' title='bbox 1060 2991 1131 3046; x_wconf 87' lang='lat' dir='ltr'>relui</span> <span class='ocrx_word' id='word_1_373' title='bbox 1151 2988 1242 3042; x_wconf 78' lang='lat' dir='ltr'>rivere</span> <span class='ocrx_word' id='word_1_374' title='bbox 1258 2984 1309 3039; x_wconf 91' lang='lat' dir='ltr'>nisi</span> <span class='ocrx_word' id='word_1_375' title='bbox 1327 2980 1442 3040; x_wconf 88' lang='lat' dir='ltr'>Christi,</span> <span class='ocrx_word' id='word_1_376' title='bbox 1458 2989 1488 3033; x_wconf 94' lang='lat' dir='ltr'>ut</span> <span class='ocrx_word' id='word_1_377' title='bbox 1505 2977 1567 3046; x_wconf 82' lang='lat' dir='ltr'>ejus</span> <span class='ocrx_word' id='word_1_378' title='bbox 1581 2986 1681 3040; x_wconf 88' lang='lat' dir='ltr'>cerpus</span> <span class='ocrx_word' id='word_1_379' title='bbox 1696 2967 1842 3022; x_wconf 75' lang='lat' dir='ltr'>aedificem.</span> 
     </span>
    </p>
   </div>
   <div class='ocr_carea' id='block_1_8' title="bbox 1099 3073 1846 3240">
    <p class='ocr_par' dir='ltr' id='par_1_21' title="bbox 1099 3073 1846 3240">
     <span class='ocr_line' id='line_1_59' title="bbox 1100 3073 1520 3136; baseline -0.029 -1"><span class='ocrx_word' id='word_1_380' title='bbox 1100 3103 1112 3135; x_wconf 84' lang='lat' dir='ltr'>r·</span> <span class='ocrx_word' id='word_1_381' title='bbox 1122 3081 1154 3136; x_wconf 84' lang='lat' dir='ltr'>Et</span> <span class='ocrx_word' id='word_1_382' title='bbox 1166 3080 1235 3135; x_wconf 91' lang='lat' dir='ltr'>tueri</span> <span class='ocrx_word' id='word_1_383' title='bbox 1247 3079 1363 3131; x_wconf 88' lang='lat' dir='ltr'>lucrum.</span> <span class='ocrx_word' id='word_1_384' title='bbox 1379 3092 1388 3124; x_wconf 89' lang='lat' dir='ltr'>r</span> <span class='ocrx_word' id='word_1_385' title='bbox 1402 3073 1520 3126; x_wconf 91' lang='lat' dir='ltr'>Corona.</span> 
     </span>
     <span class='ocr_line' id='line_1_60' title="bbox 1099 3148 1846 3240; baseline -0.04 -12"><span class='ocrx_word' id='word_1_386' title='bbox 1099 3195 1108 3228; x_wconf 91' lang='grc' dir='ltr'>ι</span> <span class='ocrx_word' id='word_1_387' title='bbox 1121 3171 1196 3240; x_wconf 83' lang='lat' dir='ltr'>Quod</span> <span class='ocrx_word' id='word_1_388' title='bbox 1211 3171 1233 3224; x_wconf 91' lang='lat' dir='ltr'>si</span> <span class='ocrx_word' id='word_1_389' title='bbox 1243 3169 1334 3222; x_wconf 88' lang='lat' dir='ltr'>ritere</span> <span class='ocrx_word' id='word_1_390' title='bbox 1346 3166 1372 3219; x_wconf 93' lang='lat' dir='ltr'>iu</span> <span class='ocrx_word' id='word_1_391' title='bbox 1383 3177 1477 3227; x_wconf 91' lang='lat' dir='ltr'>carue,</span> <span class='ocrx_word' id='word_1_392' title='bbox 1492 3162 1535 3212; x_wconf 86' lang='lat' dir='ltr'>hic</span> <span class='ocrx_word' id='word_1_393' title='bbox 1553 3157 1617 3210; x_wconf 88' lang='lat' dir='ltr'>milri</span> <span class='ocrx_word' id='word_1_394' title='bbox 1631 3154 1735 3208; x_wconf 86' lang='lat' dir='ltr'>lructus</span> <span class='ocrx_word' id='word_1_395' title='bbox 1751 3148 1846 3217; x_wconf 85' lang='lat' dir='ltr'>operis</span> 
     </span>
    </p>
   </div>
   <div class='ocr_carea' id='block_1_9' title="bbox 262 3244 1847 3331">
    <p class='ocr_par' dir='ltr' id='par_1_22' title="bbox 262 3244 1847 3331">
     <span class='ocr_line' id='line_1_61' title="bbox 262 3244 1847 3331; baseline -0.02 -6"><span class='ocrx_word' id='word_1_396' title='bbox 262 3274 272 3308; x_wconf 78' lang='lat'><strong>⁴</strong></span> <span class='ocrx_word' id='word_1_397' title='bbox 287 3252 403 3324; x_wconf 64' lang='lat' dir='ltr'>0¹¹5d²¹¹¹</span> <span class='ocrx_word' id='word_1_398' title='bbox 420 3260 530 3329; x_wconf 77' lang='lat' dir='ltr'>quidem</span> <span class='ocrx_word' id='word_1_399' title='bbox 543 3271 569 3313; x_wconf 69' lang='grc' dir='ltr'>Ν</span> <span class='ocrx_word' id='word_1_400' title='bbox 584 3269 698 3331; x_wconf 80' lang='lat' dir='ltr'>prepier</span> <span class='ocrx_word' id='word_1_401' title='bbox 710 3258 841 3315; x_wconf 61' lang='lat' dir='ltr'>lssifflf‘ffl</span> <span class='ocrx_word' id='word_1_402' title='bbox 856 3264 1008 3312; x_wconf 64' lang='grc' dir='ltr'>θῑθθΰῑθὶ·</span> <span class='ocrx_word' id='word_1_403' title='bbox 1021 3269 1045 3331; x_wconf 75' lang='lat' dir='ltr'>c</span> <span class='ocrx_word' id='word_1_404' title='bbox 1060 3278 1135 3324; x_wconf 63' lang='lat' dir='ltr'>eser</span> <span class='ocrx_word' id='word_1_405' title='bbox 1152 3263 1181 3319; x_wconf 80' lang='lat' dir='ltr'>sl</span> <span class='ocrx_word' id='word_1_406' title='bbox 1192 3261 1285 3317; x_wconf 79' lang='lat' dir='ltr'>virete</span> <span class='ocrx_word' id='word_1_407' title='bbox 1296 3260 1322 3315; x_wconf 88' lang='lat' dir='ltr'>itt</span> <span class='ocrx_word' id='word_1_408' title='bbox 1334 3269 1417 3314; x_wconf 78' lang='lat' dir='ltr'>cartre</span> <span class='ocrx_word' id='word_1_409' title='bbox 1437 3267 1480 3308; x_wconf 86' lang='lat' dir='ltr'>nte</span> <span class='ocrx_word' id='word_1_410' title='bbox 1493 3249 1636 3313; x_wconf 83' lang='lat' dir='ltr'>relucrlttt,</span> <span class='ocrx_word' id='word_1_411' title='bbox 1652 3244 1820 3299; x_wconf 88' lang='lat' dir='ltr'>ltabeltelcur</span> <span class='ocrx_word' id='word_1_412' title='bbox 1836 3266 1847 3282; x_wconf 86' lang='lat'><em>·</em></span> 
     </span>
    </p>
   </div>
   <div class='ocr_carea' id='block_1_10' title="bbox 197 3347 1018 4631">
    <p class='ocr_par' dir='ltr' id='par_1_23' title="bbox 221 3347 1012 3602">
     <span class='ocr_line' id='line_1_62' title="bbox 221 3347 1012 3422; baseline 0.005 -19"><span class='ocrx_word' id='word_1_413' title='bbox 221 3347 338 3403; x_wconf 88' lang='lat' dir='ltr'>tionem.</span> <span class='ocrx_word' id='word_1_414' title='bbox 352 3367 362 3402; x_wconf 88' lang='lat' dir='ltr'>t</span> <span class='ocrx_word' id='word_1_415' title='bbox 374 3350 441 3405; x_wconf 84' lang='lat' dir='ltr'>ilum</span> <span class='ocrx_word' id='word_1_416' title='bbox 459 3351 524 3405; x_wconf 92' lang='lat' dir='ltr'>mihi</span> <span class='ocrx_word' id='word_1_417' title='bbox 536 3351 607 3421; x_wconf 88' lang='lat' dir='ltr'>apud</span> <span class='ocrx_word' id='word_1_418' title='bbox 624 3352 768 3408; x_wconf 83' lang='lat' dir='ltr'>eredentes</span> <span class='ocrx_word' id='word_1_419' title='bbox 779 3351 892 3422; x_wconf 76' lang='lat' dir='ltr'>gloriam</span> <span class='ocrx_word' id='word_1_420' title='bbox 903 3350 1012 3407; x_wconf 85' lang='lat' dir='ltr'>aulerre</span> 
     </span>
     <span class='ocr_line' id='line_1_63' title="bbox 222 3440 1011 3505; baseline 0.001 -13"><span class='ocrx_word' id='word_1_421' title='bbox 222 3450 256 3492; x_wconf 77' lang='lat' dir='ltr'>se</span> <span class='ocrx_word' id='word_1_422' title='bbox 276 3448 383 3505; x_wconf 86' lang='lat' dir='ltr'>prrtaut,</span> <span class='ocrx_word' id='word_1_423' title='bbox 393 3455 428 3505; x_wconf 78' lang='lat' dir='ltr'>ne</span> <span class='ocrx_word' id='word_1_424' title='bbox 443 3441 519 3498; x_wconf 93' lang='lat' dir='ltr'>solus</span> <span class='ocrx_word' id='word_1_425' title='bbox 529 3442 595 3498; x_wconf 87' lang='lat' dir='ltr'>uribi</span> <span class='ocrx_word' id='word_1_426' title='bbox 612 3443 751 3497; x_wconf 83' lang='lat' dir='ltr'>uindicare</span> <span class='ocrx_word' id='word_1_427' title='bbox 763 3442 857 3496; x_wconf 86' lang='lat' dir='ltr'>ridear</span> <span class='ocrx_word' id='word_1_428' title='bbox 870 3440 1011 3497; x_wconf 84' lang='lat' dir='ltr'>scientiam</span> 
     </span>
     <span class='ocr_line' id='line_1_64' title="bbox 223 3532 406 3602; baseline 0.022 -17"><span class='ocrx_word' id='word_1_429' title='bbox 223 3532 406 3602; x_wconf 76' lang='lat' dir='ltr'>praedicandi..</span> 
     </span>
    </p>

    <p class='ocr_par' dir='ltr' id='par_1_24' title="bbox 223 3624 1012 3878">
     <span class='ocr_line' id='line_1_65' title="bbox 263 3624 1012 3698; baseline 0.004 -20"><span class='ocrx_word' id='word_1_430' title='bbox 263 3624 406 3692; x_wconf 78' lang='lat' dir='ltr'>torridam</span> <span class='ocrx_word' id='word_1_431' title='bbox 437 3640 527 3685; x_wconf 79' lang='lat' dir='ltr'>erstem</span> <span class='ocrx_word' id='word_1_432' title='bbox 551 3639 580 3685; x_wconf 89' lang='lat' dir='ltr'>et</span> <span class='ocrx_word' id='word_1_433' title='bbox 598 3637 709 3698; x_wconf 90' lang='lat' dir='ltr'>prepter</span> <span class='ocrx_word' id='word_1_434' title='bbox 726 3629 826 3684; x_wconf 89' lang='lat' dir='ltr'>bonam</span> <span class='ocrx_word' id='word_1_435' title='bbox 846 3627 1012 3684; x_wconf 82' lang='lat' dir='ltr'>voluntatem</span> 
     </span>
     <span class='ocr_line' id='line_1_66' title="bbox 223 3700 1009 3790; baseline 0.001 -17"><span class='ocrx_word' id='word_1_436' title='bbox 223 3716 366 3775; x_wconf 87' lang='lat' dir='ltr'>Christum</span> <span class='ocrx_word' id='word_1_437' title='bbox 402 3700 582 3790; x_wconf 74' lang='lat' dir='ltr'>praedicant.»</span> <span class='ocrx_word' id='word_1_438' title='bbox 611 3721 663 3776; x_wconf 83' lang='lat' dir='ltr'>ltttt</span> <span class='ocrx_word' id='word_1_439' title='bbox 686 3720 768 3776; x_wconf 89' lang='lat' dir='ltr'>etiarn</span> <span class='ocrx_word' id='word_1_440' title='bbox 801 3721 869 3776; x_wconf 86' lang='lat' dir='ltr'>alies</span> <span class='ocrx_word' id='word_1_441' title='bbox 900 3717 1009 3775; x_wconf 86' lang='lat' dir='ltr'>saltare</span> 
     </span>
     <span class='ocr_line' id='line_1_67' title="bbox 224 3813 841 3878; baseline 0.011 -13"><span class='ocrx_word' id='word_1_442' title='bbox 224 3813 364 3878; x_wconf 72' lang='lat' dir='ltr'>veientes.</span> <span class='ocrx_word' id='word_1_443' title='bbox 381 3816 498 3872; x_wconf 88' lang='lat' dir='ltr'>ddeliter</span> <span class='ocrx_word' id='word_1_444' title='bbox 513 3816 652 3873; x_wconf 83' lang='lat' dir='ltr'>Christum</span> <span class='ocrx_word' id='word_1_445' title='bbox 668 3820 841 3874; x_wconf 88' lang='lat' dir='ltr'>annuntiant.</span> 
     </span>
    </p>

    <p class='ocr_par' dir='ltr' id='par_1_25' title="bbox 225 3905 1013 4077">
     <span class='ocr_line' id='line_1_68' title="bbox 264 3905 1013 3976; baseline 0.007 -18"><span class='ocrx_word' id='word_1_446' title='bbox 264 3905 409 3972; x_wconf 75' lang='lat' dir='ltr'>torridam</span> <span class='ocrx_word' id='word_1_447' title='bbox 438 3921 470 3963; x_wconf 84' lang='lat' dir='ltr'>er</span> <span class='ocrx_word' id='word_1_448' title='bbox 504 3909 654 3964; x_wconf 85' lang='lat' dir='ltr'>charitate.</span> <span class='ocrx_word' id='word_1_449' title='bbox 671 3928 681 3962; x_wconf 86' lang='lat' dir='ltr'>r</span> <span class='ocrx_word' id='word_1_450' title='bbox 697 3909 813 3976; x_wconf 79' lang='lat' dir='ltr'>Quidam</span> <span class='ocrx_word' id='word_1_451' title='bbox 826 3924 893 3966; x_wconf 82' lang='lat' dir='ltr'>vere</span> <span class='ocrx_word' id='word_1_452' title='bbox 904 3923 937 3966; x_wconf 85' lang='lat' dir='ltr'>ex</span> <span class='ocrx_word' id='word_1_453' title='bbox 954 3923 1013 3964; x_wconf 88' lang='lat' dir='ltr'>mea</span> 
     </span>
     <span class='ocr_line' id='line_1_69' title="bbox 225 3997 971 4077; baseline 0.007 -26"><span class='ocrx_word' id='word_1_454' title='bbox 225 3997 366 4077; x_wconf 79' lang='lat' dir='ltr'>charitate</span> <span class='ocrx_word' id='word_1_455' title='bbox 383 4000 514 4070; x_wconf 85' lang='lat' dir='ltr'>adjurant</span> <span class='ocrx_word' id='word_1_456' title='bbox 532 4016 585 4067; x_wconf 84' lang='lat' dir='ltr'>me,</span> <span class='ocrx_word' id='word_1_457' title='bbox 597 4001 776 4072; x_wconf 77' lang='lat' dir='ltr'>Euangelinm</span> <span class='ocrx_word' id='word_1_458' title='bbox 793 4001 971 4058; x_wconf 89' lang='lat' dir='ltr'>delensande.</span> 
     </span>
    </p>

    <p class='ocr_par' dir='ltr' id='par_1_26' title="bbox 197 4088 1018 4433">
     <span class='ocr_line' id='line_1_70' title="bbox 265 4088 1016 4164; baseline 0.009 -22"><span class='ocrx_word' id='word_1_459' title='bbox 265 4107 278 4142; x_wconf 84' lang='lat' dir='ltr'>t</span> <span class='ocrx_word' id='word_1_460' title='bbox 291 4088 417 4147; x_wconf 81' lang='lat' dir='ltr'>Scletrtes</span> <span class='ocrx_word' id='word_1_461' title='bbox 428 4091 558 4160; x_wconf 83' lang='lat' dir='ltr'>queniam</span> <span class='ocrx_word' id='word_1_462' title='bbox 570 4092 596 4145; x_wconf 92' lang='lat' dir='ltr'>in</span> <span class='ocrx_word' id='word_1_463' title='bbox 614 4093 772 4147; x_wconf 85' lang='lat' dir='ltr'>dclcusiene</span> <span class='ocrx_word' id='word_1_464' title='bbox 785 4093 925 4160; x_wconf 74' lang='lat' dir='ltr'>Evangelii</span> <span class='ocrx_word' id='word_1_465' title='bbox 944 4095 1016 4164; x_wconf 84' lang='lat' dir='ltr'>pesi-</span> 
     </span>
     <span class='ocr_line' id='line_1_71' title="bbox 228 4179 1016 4247; baseline 0.008 -14"><span class='ocrx_word' id='word_1_466' title='bbox 228 4188 275 4235; x_wconf 91' lang='lat' dir='ltr'>tus</span> <span class='ocrx_word' id='word_1_467' title='bbox 304 4195 376 4236; x_wconf 88' lang='lat' dir='ltr'>sum.</span> <span class='ocrx_word' id='word_1_468' title='bbox 392 4200 402 4233; x_wconf 84' lang='lat' dir='ltr'>r</span> <span class='ocrx_word' id='word_1_469' title='bbox 419 4179 479 4235; x_wconf 88' lang='lat' dir='ltr'>Neu</span> <span class='ocrx_word' id='word_1_470' title='bbox 504 4182 629 4235; x_wconf 83' lang='lat' dir='ltr'>humanm</span> <span class='ocrx_word' id='word_1_471' title='bbox 653 4182 810 4237; x_wconf 89' lang='lat' dir='ltr'>dilectionis</span> <span class='ocrx_word' id='word_1_472' title='bbox 828 4183 937 4247; x_wconf 82' lang='lat' dir='ltr'>ellectu,</span> <span class='ocrx_word' id='word_1_473' title='bbox 967 4183 1016 4239; x_wconf 89' lang='lat' dir='ltr'>sed</span> 
     </span>
     <span class='ocr_line' id='line_1_72' title="bbox 197 4258 1018 4341; baseline 0.007 -17"><span class='ocrx_word' id='word_1_474' title='bbox 197 4258 212 4284; x_wconf 77' lang='lat'>⁴¹</span> <span class='ocrx_word' id='word_1_475' title='bbox 226 4273 291 4341; x_wconf 80' lang='lat' dir='ltr'>naria</span> <span class='ocrx_word' id='word_1_476' title='bbox 315 4273 414 4338; x_wconf 88' lang='lat' dir='ltr'>sciunt,</span> <span class='ocrx_word' id='word_1_477' title='bbox 428 4290 471 4329; x_wconf 88' lang='lat' dir='ltr'>ree</span> <span class='ocrx_word' id='word_1_478' title='bbox 487 4289 502 4328; x_wconf 91' lang='lat' dir='ltr'>a</span> <span class='ocrx_word' id='word_1_479' title='bbox 521 4273 634 4329; x_wconf 83' lang='lat' dir='ltr'>[lemine</span> <span class='ocrx_word' id='word_1_480' title='bbox 654 4274 688 4329; x_wconf 88' lang='lat' dir='ltr'>ad</span> <span class='ocrx_word' id='word_1_481' title='bbox 702 4274 903 4330; x_wconf 76' lang='lat' dir='ltr'>defendendum</span> <span class='ocrx_word' id='word_1_482' title='bbox 928 4274 1018 4331; x_wconf 87' lang='lat' dir='ltr'>Eran-</span> 
     </span>
     <span class='ocr_line' id='line_1_73' title="bbox 227 4362 516 4433; baseline 0.014 -17"><span class='ocrx_word' id='word_1_483' title='bbox 227 4362 331 4433; x_wconf 67' lang='lat' dir='ltr'>gelium</span> <span class='ocrx_word' id='word_1_484' title='bbox 348 4365 516 4420; x_wconf 90' lang='lat' dir='ltr'>ordinatum.</span> 
     </span>
    </p>

    <p class='ocr_par' dir='ltr' id='par_1_27' title="bbox 217 4456 1017 4631">
     <span class='ocr_line' id='line_1_74' title="bbox 268 4456 1017 4524; baseline 0.009 -16"><span class='ocrx_word' id='word_1_485' title='bbox 268 4475 279 4508; x_wconf 92' lang='grc' dir='ltr'>ι</span> <span class='ocrx_word' id='word_1_486' title='bbox 309 4456 425 4524; x_wconf 79' lang='lat' dir='ltr'>Quidam</span> <span class='ocrx_word' id='word_1_487' title='bbox 439 4466 530 4512; x_wconf 88' lang='lat' dir='ltr'>autem</span> <span class='ocrx_word' id='word_1_488' title='bbox 552 4473 586 4514; x_wconf 83' lang='lat' dir='ltr'>ex</span> <span class='ocrx_word' id='word_1_489' title='bbox 612 4459 792 4515; x_wconf 88' lang='lat' dir='ltr'>contentione</span> <span class='ocrx_word' id='word_1_490' title='bbox 811 4457 949 4516; x_wconf 82' lang='lat' dir='ltr'>Christum</span> <span class='ocrx_word' id='word_1_491' title='bbox 969 4475 1017 4515; x_wconf 87' lang='lat' dir='ltr'>au-</span> 
     </span>
     <span class='ocr_line' id='line_1_75' title="bbox 217 4551 1017 4631; baseline 0.003 -29"><span class='ocrx_word' id='word_1_492' title='bbox 217 4551 359 4631; x_wconf 26' lang='lat' dir='ltr'>·nrurtiaut</span> <span class='ocrx_word' id='word_1_493' title='bbox 379 4567 432 4605; x_wconf 92' lang='lat' dir='ltr'>unu</span> <span class='ocrx_word' id='word_1_494' title='bbox 450 4553 571 4616; x_wconf 87' lang='lat' dir='ltr'>siucero,</span> <span class='ocrx_word' id='word_1_495' title='bbox 589 4552 792 4616; x_wconf 73' lang='lat' dir='ltr'>existimantes,</span> <span class='ocrx_word' id='word_1_496' title='bbox 816 4566 971 4620; x_wconf 83' lang='lat' dir='ltr'>pressuram</span> <span class='ocrx_word' id='word_1_497' title='bbox 987 4566 1017 4605; x_wconf 88' lang='lat' dir='ltr'>se</span> 
     </span>
    </p>
   </div>
   <div class='ocr_carea' id='block_1_11' title="bbox 228 4610 1057 4715">
    <p class='ocr_par' dir='ltr' id='par_1_28' title="bbox 228 4610 1057 4715">
     <span class='ocr_line' id='line_1_76' title="bbox 228 4610 1057 4715; baseline -0.001 -17"><span class='ocrx_word' id='word_1_498' title='bbox 228 4643 366 4698; x_wconf 78' lang='lat' dir='ltr'>suscitare</span> <span class='ocrx_word' id='word_1_499' title='bbox 384 4643 501 4699; x_wconf 84' lang='lat' dir='ltr'>uinculis</span> <span class='ocrx_word' id='word_1_500' title='bbox 525 4645 604 4700; x_wconf 86' lang='lat' dir='ltr'>meis.</span> <span class='ocrx_word' id='word_1_501' title='bbox 620 4662 629 4695; x_wconf 86' lang='lat' dir='ltr'>r</span> <span class='ocrx_word' id='word_1_502' title='bbox 643 4644 693 4699; x_wconf 83' lang='lat' dir='ltr'>dlii</span> <span class='ocrx_word' id='word_1_503' title='bbox 707 4645 802 4699; x_wconf 89' lang='lat' dir='ltr'>dolere</span> <span class='ocrx_word' id='word_1_504' title='bbox 819 4644 969 4715; x_wconf 83' lang='lat' dir='ltr'>praerlicant</span> <span class='ocrx_word' id='word_1_505' title='bbox 983 4644 1016 4698; x_wconf 84' lang='lat' dir='ltr'>ad</span> <span class='ocrx_word' id='word_1_506' title='bbox 1033 4610 1057 4667; x_wconf 64' lang='grc' dir='ltr'>ὓ</span> 
     </span>
    </p>
   </div>
   <div class='ocr_carea' id='block_1_12' title="bbox 228 4724 1042 6002">
    <p class='ocr_par' dir='ltr' id='par_1_29' title="bbox 228 4724 1020 5079">
     <span class='ocr_line' id='line_1_77' title="bbox 229 4724 1017 4808; baseline -0.003 -18"><span class='ocrx_word' id='word_1_507' title='bbox 229 4751 275 4790; x_wconf 91' lang='lat' dir='ltr'>tue</span> <span class='ocrx_word' id='word_1_508' title='bbox 293 4735 471 4803; x_wconf 77' lang='lat' dir='ltr'>precandum,</span> <span class='ocrx_word' id='word_1_509' title='bbox 491 4737 569 4803; x_wconf 81' lang='lat' dir='ltr'>qnasi</span> <span class='ocrx_word' id='word_1_510' title='bbox 587 4737 678 4808; x_wconf 88' lang='lat' dir='ltr'>plnres</span> <span class='ocrx_word' id='word_1_511' title='bbox 696 4724 847 4805; x_wconf 88' lang='lat' dir='ltr'>discipules</span> <span class='ocrx_word' id='word_1_512' title='bbox 859 4735 1017 4797; x_wconf 81' lang='lat' dir='ltr'>facientem,</span> 
     </span>
     <span class='ocr_line' id='line_1_78' title="bbox 228 4827 1019 4897; baseline 0.001 -16"><span class='ocrx_word' id='word_1_513' title='bbox 228 4838 259 4882; x_wconf 86' lang='lat' dir='ltr'>et</span> <span class='ocrx_word' id='word_1_514' title='bbox 270 4827 396 4884; x_wconf 76' lang='lat' dir='ltr'>doctrina</span> <span class='ocrx_word' id='word_1_515' title='bbox 411 4842 472 4881; x_wconf 90' lang='lat' dir='ltr'>mea</span> <span class='ocrx_word' id='word_1_516' title='bbox 488 4837 575 4883; x_wconf 90' lang='lat' dir='ltr'>totum</span> <span class='ocrx_word' id='word_1_517' title='bbox 603 4830 696 4883; x_wconf 91' lang='lat' dir='ltr'>erbcm</span> <span class='ocrx_word' id='word_1_518' title='bbox 716 4827 831 4897; x_wconf 89' lang='lat' dir='ltr'>implere</span> <span class='ocrx_word' id='word_1_519' title='bbox 849 4836 1019 4882; x_wconf 87' lang='lat' dir='ltr'>conantem:</span> 
     </span>
     <span class='ocr_line' id='line_1_79' title="bbox 229 4917 1020 4988; baseline -0.004 -13"><span class='ocrx_word' id='word_1_520' title='bbox 229 4929 261 4975; x_wconf 90' lang='lat' dir='ltr'>nt</span> <span class='ocrx_word' id='word_1_521' title='bbox 278 4933 312 4973; x_wconf 84' lang='lat' dir='ltr'>ex</span> <span class='ocrx_word' id='word_1_522' title='bbox 334 4919 384 4975; x_wconf 89' lang='lat' dir='ltr'>hec</span> <span class='ocrx_word' id='word_1_523' title='bbox 402 4921 498 4974; x_wconf 89' lang='lat' dir='ltr'>saltem</span> <span class='ocrx_word' id='word_1_524' title='bbox 529 4918 617 4987; x_wconf 80' lang='lat' dir='ltr'>tnajer</span> <span class='ocrx_word' id='word_1_525' title='bbox 654 4919 720 4974; x_wconf 90' lang='lat' dir='ltr'>mihi</span> <span class='ocrx_word' id='word_1_526' title='bbox 745 4919 898 4974; x_wconf 89' lang='lat' dir='ltr'>cuntuletur</span> <span class='ocrx_word' id='word_1_527' title='bbox 921 4917 1020 4988; x_wconf 87' lang='lat' dir='ltr'>injuria</span> 
     </span>
     <span class='ocr_line' id='line_1_80' title="bbox 232 5013 423 5079; baseline 0.01 -14"><span class='ocrx_word' id='word_1_528' title='bbox 232 5013 276 5065; x_wconf 84' lang='lat' dir='ltr'>ret</span> <span class='ocrx_word' id='word_1_529' title='bbox 295 5027 423 5079; x_wconf 82' lang='lat' dir='ltr'>pressura</span> 
     </span>
    </p>

    <p class='ocr_par' dir='ltr' id='par_1_30' title="bbox 230 5099 1021 5252">
     <span class='ocr_line' id='line_1_81' title="bbox 270 5099 1021 5172; baseline 0.005 -20"><span class='ocrx_word' id='word_1_530' title='bbox 270 5099 365 5167; x_wconf 79' lang='lat' dir='ltr'>«Quid</span> <span class='ocrx_word' id='word_1_531' title='bbox 385 5101 480 5156; x_wconf 85' lang='lat' dir='ltr'>euirnl</span> <span class='ocrx_word' id='word_1_532' title='bbox 499 5100 565 5155; x_wconf 89' lang='lat' dir='ltr'>llum</span> <span class='ocrx_word' id='word_1_533' title='bbox 584 5101 658 5155; x_wconf 90' lang='lat' dir='ltr'>omni</span> <span class='ocrx_word' id='word_1_534' title='bbox 686 5100 779 5166; x_wconf 92' lang='lat' dir='ltr'>mode,</span> <span class='ocrx_word' id='word_1_535' title='bbox 793 5101 850 5156; x_wconf 90' lang='lat' dir='ltr'>siro</span> <span class='ocrx_word' id='word_1_536' title='bbox 873 5115 922 5172; x_wconf 91' lang='lat' dir='ltr'>per</span> <span class='ocrx_word' id='word_1_537' title='bbox 942 5115 1021 5156; x_wconf 90' lang='lat' dir='ltr'>ocea-</span> 
     </span>
     <span class='ocr_line' id='line_1_82' title="bbox 230 5193 668 5252; baseline -0.007 -1"><span class='ocrx_word' id='word_1_538' title='bbox 230 5194 374 5252; x_wconf 80' lang='lat' dir='ltr'>sieucm.t</span> <span class='ocrx_word' id='word_1_539' title='bbox 395 5193 456 5250; x_wconf 81' lang='lat' dir='ltr'>odii</span> <span class='ocrx_word' id='word_1_540' title='bbox 484 5195 527 5249; x_wconf 83' lang='lat' dir='ltr'>sel</span> <span class='ocrx_word' id='word_1_541' title='bbox 546 5195 668 5250; x_wconf 77' lang='lat' dir='ltr'>inridier.</span> 
     </span>
    </p>

    <p class='ocr_par' dir='ltr' id='par_1_31' title="bbox 231 5284 1022 5436">
     <span class='ocr_line' id='line_1_83' title="bbox 271 5284 1022 5358; baseline 0.005 -21"><span class='ocrx_word' id='word_1_542' title='bbox 271 5304 283 5337; x_wconf 89' lang='grc' dir='ltr'>ι</span> <span class='ocrx_word' id='word_1_543' title='bbox 299 5284 363 5342; x_wconf 83' lang='lat' dir='ltr'>Sive</span> <span class='ocrx_word' id='word_1_544' title='bbox 377 5302 432 5358; x_wconf 78' lang='lat' dir='ltr'>-per</span> <span class='ocrx_word' id='word_1_545' title='bbox 446 5290 600 5345; x_wconf 85' lang='lat' dir='ltr'>ueritatem.</span> <span class='ocrx_word' id='word_1_546' title='bbox 616 5307 625 5340; x_wconf 87' lang='lat' dir='ltr'>r</span> <span class='ocrx_word' id='word_1_547' title='bbox 645 5286 782 5358; x_wconf 85' lang='lat' dir='ltr'>Simplicis</span> <span class='ocrx_word' id='word_1_548' title='bbox 805 5287 846 5344; x_wconf 85' lang='lat' dir='ltr'>vel</span> <span class='ocrx_word' id='word_1_549' title='bbox 862 5303 937 5358; x_wconf 81' lang='lat' dir='ltr'>porea</span> <span class='ocrx_word' id='word_1_550' title='bbox 952 5303 1022 5358; x_wconf 76' lang='lat' dir='ltr'>prau-</span> 
     </span>
     <span class='ocr_line' id='line_1_84' title="bbox 231 5380 391 5436; baseline -0.013 0"><span class='ocrx_word' id='word_1_551' title='bbox 231 5380 391 5436; x_wconf 83' lang='lat' dir='ltr'>dicationis.</span> 
     </span>
    </p>

    <p class='ocr_par' dir='ltr' id='par_1_32' title="bbox 231 5471 1042 5910">
     <span class='ocr_line' id='line_1_85' title="bbox 271 5471 1022 5544; baseline 0.008 -18"><span class='ocrx_word' id='word_1_552' title='bbox 271 5471 425 5528; x_wconf 86' lang='lat' dir='ltr'>rChristtts</span> <span class='ocrx_word' id='word_1_553' title='bbox 447 5473 648 5527; x_wconf 87' lang='lat' dir='ltr'>annuntietur:</span> <span class='ocrx_word' id='word_1_554' title='bbox 667 5480 695 5527; x_wconf 90' lang='lat' dir='ltr'>et</span> <span class='ocrx_word' id='word_1_555' title='bbox 719 5472 745 5527; x_wconf 90' lang='lat' dir='ltr'>iu</span> <span class='ocrx_word' id='word_1_556' title='bbox 768 5473 820 5527; x_wconf 93' lang='lat' dir='ltr'>hec</span> <span class='ocrx_word' id='word_1_557' title='bbox 841 5474 955 5544; x_wconf 69' lang='lat' dir='ltr'>gaudee,</span> <span class='ocrx_word' id='word_1_558' title='bbox 974 5478 1022 5532; x_wconf 90' lang='lat' dir='ltr'>scd</span> 
     </span>
     <span class='ocr_line' id='line_1_86' title="bbox 231 5561 1042 5634; baseline 0.005 -16"><span class='ocrx_word' id='word_1_559' title='bbox 231 5572 262 5618; x_wconf 87' lang='lat' dir='ltr'>et</span> <span class='ocrx_word' id='word_1_560' title='bbox 293 5561 427 5626; x_wconf 78' lang='lat' dir='ltr'>earrdeeo.</span> <span class='ocrx_word' id='word_1_561' title='bbox 442 5581 451 5613; x_wconf 88' lang='lat' dir='ltr'>r</span> <span class='ocrx_word' id='word_1_562' title='bbox 469 5562 527 5617; x_wconf 83' lang='lat' dir='ltr'>Non</span> <span class='ocrx_word' id='word_1_563' title='bbox 550 5564 616 5619; x_wconf 88' lang='lat' dir='ltr'>milri</span> <span class='ocrx_word' id='word_1_564' title='bbox 637 5578 710 5618; x_wconf 81' lang='lat' dir='ltr'>curm</span> <span class='ocrx_word' id='word_1_565' title='bbox 732 5573 783 5629; x_wconf 90' lang='lat' dir='ltr'>cst,</span> <span class='ocrx_word' id='word_1_566' title='bbox 803 5579 855 5632; x_wconf 80' lang='lat' dir='ltr'>utra</span> <span class='ocrx_word' id='word_1_567' title='bbox 876 5569 1042 5634; x_wconf 79' lang='lat' dir='ltr'>praedicent·</span> 
     </span>
     <span class='ocr_line' id='line_1_87' title="bbox 232 5653 1019 5727; baseline 0.011 -21"><span class='ocrx_word' id='word_1_568' title='bbox 232 5663 339 5719; x_wconf 87' lang='lat' dir='ltr'>urente,</span> <span class='ocrx_word' id='word_1_569' title='bbox 355 5653 592 5726; x_wconf 74' lang='lat' dir='ltr'>dunrmedelnued</span> <span class='ocrx_word' id='word_1_570' title='bbox 608 5656 699 5727; x_wconf 82' lang='lat' dir='ltr'>cupio)</span> <span class='ocrx_word' id='word_1_571' title='bbox 710 5655 811 5712; x_wconf 90' lang='lat' dir='ltr'>Christi</span> <span class='ocrx_word' id='word_1_572' title='bbox 822 5672 918 5714; x_wconf 88' lang='lat' dir='ltr'>uenteu</span> <span class='ocrx_word' id='word_1_573' title='bbox 928 5660 1019 5715; x_wconf 90' lang='lat' dir='ltr'>ontni·</span> 
     </span>
     <span class='ocr_line' id='line_1_88' title="bbox 231 5745 1024 5823; baseline 0.006 -22"><span class='ocrx_word' id='word_1_574' title='bbox 231 5745 287 5801; x_wconf 84' lang='lat' dir='ltr'>hus</span> <span class='ocrx_word' id='word_1_575' title='bbox 302 5746 467 5813; x_wconf 88' lang='lat' dir='ltr'>innotescat,</span> <span class='ocrx_word' id='word_1_576' title='bbox 488 5758 516 5804; x_wconf 92' lang='lat' dir='ltr'>et</span> <span class='ocrx_word' id='word_1_577' title='bbox 530 5748 646 5805; x_wconf 87' lang='lat' dir='ltr'>amultis</span> <span class='ocrx_word' id='word_1_578' title='bbox 660 5750 800 5807; x_wconf 87' lang='lat' dir='ltr'>credatur.</span> <span class='ocrx_word' id='word_1_579' title='bbox 812 5750 982 5823; x_wconf 82' lang='lat' dir='ltr'>Quapropter</span> <span class='ocrx_word' id='word_1_580' title='bbox 996 5760 1024 5806; x_wconf 89' lang='lat' dir='ltr'>et</span> 
     </span>
     <span class='ocr_line' id='line_1_89' title="bbox 231 5837 787 5910; baseline -0.002 -17"><span class='ocrx_word' id='word_1_581' title='bbox 231 5837 442 5906; x_wconf 76' lang='lat' dir='ltr'>medegaudue,</span> <span class='ocrx_word' id='word_1_582' title='bbox 459 5847 486 5893; x_wconf 91' lang='lat' dir='ltr'>ct</span> <span class='ocrx_word' id='word_1_583' title='bbox 507 5838 533 5893; x_wconf 89' lang='lat' dir='ltr'>iu</span> <span class='ocrx_word' id='word_1_584' title='bbox 549 5838 640 5893; x_wconf 91' lang='lat' dir='ltr'>hrtrtro</span> <span class='ocrx_word' id='word_1_585' title='bbox 656 5839 787 5910; x_wconf 79' lang='lat' dir='ltr'>gaudebo.</span> 
     </span>
    </p>

    <p class='ocr_par' dir='ltr' id='par_1_33' title="bbox 276 5928 1024 6002">
     <span class='ocr_line' id='line_1_90' title="bbox 276 5928 1024 6002; baseline 0.012 -20"><span class='ocrx_word' id='word_1_586' title='bbox 276 5946 287 5982; x_wconf 91' lang='grc' dir='ltr'>ι</span> <span class='ocrx_word' id='word_1_587' title='bbox 305 5928 452 5986; x_wconf 82' lang='lat' dir='ltr'>Sciecuhu</span> <span class='ocrx_word' id='word_1_588' title='bbox 466 5931 529 5999; x_wconf 82' lang='lat' dir='ltr'>noia</span> <span class='ocrx_word' id='word_1_589' title='bbox 544 5931 596 5989; x_wconf 88' lang='lat' dir='ltr'>lroc</span> <span class='ocrx_word' id='word_1_590' title='bbox 613 5931 676 5987; x_wconf 91' lang='lat' dir='ltr'>milri</span> <span class='ocrx_word' id='word_1_591' title='bbox 691 5932 832 6002; x_wconf 79' lang='lat' dir='ltr'>proveniet</span> <span class='ocrx_word' id='word_1_592' title='bbox 848 5933 881 5991; x_wconf 85' lang='lat' dir='ltr'>ad</span> <span class='ocrx_word' id='word_1_593' title='bbox 898 5932 1024 5997; x_wconf 82' lang='lat' dir='ltr'>salutent.</span> 
     </span>
    </p>
   </div>
   <div class='ocr_carea' id='block_1_13' title="bbox 1064 3353 1856 4711">
    <p class='ocr_par' dir='ltr' id='par_1_34' title="bbox 1064 3353 1269 3429">
     <span class='ocr_line' id='line_1_91' title="bbox 1064 3353 1269 3429; baseline -0.039 -16"><span class='ocrx_word' id='word_1_594' title='bbox 1064 3374 1114 3429; x_wconf 88' lang='lat' dir='ltr'>pus</span> <span class='ocrx_word' id='word_1_595' title='bbox 1125 3353 1269 3423; x_wconf 86' lang='lat' dir='ltr'>operandi.</span> 
     </span>
    </p>

    <p class='ocr_par' dir='ltr' id='par_1_35' title="bbox 1065 3438 1851 3704">
     <span class='ocr_line' id='line_1_92' title="bbox 1102 3438 1849 3515; baseline -0.032 -12"><span class='ocrx_word' id='word_1_596' title='bbox 1102 3469 1111 3504; x_wconf 90' lang='grc' dir='ltr'>ι</span> <span class='ocrx_word' id='word_1_597' title='bbox 1144 3447 1176 3502; x_wconf 76' lang='lat' dir='ltr'>lit</span> <span class='ocrx_word' id='word_1_598' title='bbox 1194 3446 1257 3513; x_wconf 85' lang='lat' dir='ltr'>errid</span> <span class='ocrx_word' id='word_1_599' title='bbox 1286 3444 1396 3515; x_wconf 79' lang='lat' dir='ltr'>eligam,</span> <span class='ocrx_word' id='word_1_600' title='bbox 1426 3441 1544 3511; x_wconf 74' lang='lat' dir='ltr'>ignore:</span> <span class='ocrx_word' id='word_1_601' title='bbox 1573 3443 1697 3491; x_wconf 84' lang='lat' dir='ltr'>coaretor</span> <span class='ocrx_word' id='word_1_602' title='bbox 1721 3438 1849 3486; x_wconf 79' lang='lat' dir='ltr'>aeterua</span> 
     </span>
     <span class='ocr_line' id='line_1_93' title="bbox 1065 3525 1851 3601; baseline -0.027 -5"><span class='ocrx_word' id='word_1_603' title='bbox 1065 3541 1195 3596; x_wconf 84' lang='lat' dir='ltr'>drrebus.r</span> <span class='ocrx_word' id='word_1_604' title='bbox 1214 3539 1244 3593; x_wconf 92' lang='lat' dir='ltr'>iu</span> <span class='ocrx_word' id='word_1_605' title='bbox 1274 3547 1378 3593; x_wconf 88' lang='lat' dir='ltr'>tautum</span> <span class='ocrx_word' id='word_1_606' title='bbox 1406 3534 1471 3590; x_wconf 91' lang='lat' dir='ltr'>mihi</span> <span class='ocrx_word' id='word_1_607' title='bbox 1490 3543 1604 3601; x_wconf 77' lang='lat' dir='ltr'>utraque</span> <span class='ocrx_word' id='word_1_608' title='bbox 1627 3525 1803 3589; x_wconf 89' lang='lat' dir='ltr'>conteniuut,</span> <span class='ocrx_word' id='word_1_609' title='bbox 1820 3530 1851 3576; x_wconf 87' lang='lat' dir='ltr'>ur</span> 
     </span>
     <span class='ocr_line' id='line_1_94' title="bbox 1065 3626 1528 3704; baseline -0.017 -15"><span class='ocrx_word' id='word_1_610' title='bbox 1065 3634 1129 3704; x_wconf 82' lang='lat' dir='ltr'>quid</span> <span class='ocrx_word' id='word_1_611' title='bbox 1144 3631 1242 3701; x_wconf 75' lang='lat' dir='ltr'>eligam</span> <span class='ocrx_word' id='word_1_612' title='bbox 1260 3631 1332 3687; x_wconf 89' lang='lat' dir='ltr'>scire</span> <span class='ocrx_word' id='word_1_613' title='bbox 1349 3645 1403 3686; x_wconf 92' lang='lat' dir='ltr'>uon</span> <span class='ocrx_word' id='word_1_614' title='bbox 1416 3626 1528 3698; x_wconf 85' lang='lat' dir='ltr'>possim.</span> 
     </span>
    </p>

    <p class='ocr_par' dir='ltr' id='par_1_36' title="bbox 1066 3708 1854 4346">
     <span class='ocr_line' id='line_1_95' title="bbox 1102 3708 1851 3780; baseline -0.021 -3"><span class='ocrx_word' id='word_1_615' title='bbox 1102 3744 1112 3777; x_wconf 86' lang='lat' dir='ltr'>r</span> <span class='ocrx_word' id='word_1_616' title='bbox 1128 3723 1294 3780; x_wconf 85' lang='lat' dir='ltr'>Desiderium</span> <span class='ocrx_word' id='word_1_617' title='bbox 1310 3722 1414 3776; x_wconf 88' lang='lat' dir='ltr'>habens</span> <span class='ocrx_word' id='word_1_618' title='bbox 1428 3716 1538 3774; x_wconf 87' lang='lat' dir='ltr'>dissolri</span> <span class='ocrx_word' id='word_1_619' title='bbox 1554 3724 1581 3771; x_wconf 91' lang='lat' dir='ltr'>et</span> <span class='ocrx_word' id='word_1_620' title='bbox 1592 3727 1654 3771; x_wconf 86' lang='lat' dir='ltr'>csse</span> <span class='ocrx_word' id='word_1_621' title='bbox 1679 3726 1740 3766; x_wconf 89' lang='lat' dir='ltr'>eum</span> <span class='ocrx_word' id='word_1_622' title='bbox 1770 3708 1851 3764; x_wconf 87' lang='lat' dir='ltr'>Chri·</span> 
     </span>
     <span class='ocr_line' id='line_1_96' title="bbox 1066 3802 1852 3884; baseline -0.027 -11"><span class='ocrx_word' id='word_1_623' title='bbox 1066 3824 1119 3881; x_wconf 91' lang='lat' dir='ltr'>sto,</span> <span class='ocrx_word' id='word_1_624' title='bbox 1131 3815 1219 3872; x_wconf 92' lang='lat' dir='ltr'>multe</span> <span class='ocrx_word' id='word_1_625' title='bbox 1232 3814 1319 3884; x_wconf 71' lang='lat' dir='ltr'>magis</span> <span class='ocrx_word' id='word_1_626' title='bbox 1337 3812 1452 3868; x_wconf 87' lang='lat' dir='ltr'>melius:</span> <span class='ocrx_word' id='word_1_627' title='bbox 1469 3819 1628 3880; x_wconf 91' lang='lat' dir='ltr'>permanere</span> <span class='ocrx_word' id='word_1_628' title='bbox 1644 3811 1734 3858; x_wconf 87' lang='lat' dir='ltr'>autem</span> <span class='ocrx_word' id='word_1_629' title='bbox 1751 3802 1778 3854; x_wconf 88' lang='lat' dir='ltr'>iu</span> <span class='ocrx_word' id='word_1_630' title='bbox 1792 3814 1852 3853; x_wconf 89' lang='lat' dir='ltr'>car-</span> 
     </span>
     <span class='ocr_line' id='line_1_97' title="bbox 1066 3891 1851 3975; baseline -0.028 -10"><span class='ocrx_word' id='word_1_631' title='bbox 1066 3925 1112 3973; x_wconf 89' lang='lat' dir='ltr'>ne,</span> <span class='ocrx_word' id='word_1_632' title='bbox 1129 3905 1314 3962; x_wconf 87' lang='lat' dir='ltr'>necessarium</span> <span class='ocrx_word' id='word_1_633' title='bbox 1340 3914 1451 3975; x_wconf 90' lang='lat' dir='ltr'>propter</span> <span class='ocrx_word' id='word_1_634' title='bbox 1478 3915 1562 3956; x_wconf 79' lang='lat' dir='ltr'>vost</span> <span class='ocrx_word' id='word_1_635' title='bbox 1579 3896 1646 3952; x_wconf 92' lang='lat' dir='ltr'>lllud</span> <span class='ocrx_word' id='word_1_636' title='bbox 1661 3893 1758 3949; x_wconf 85' lang='lat' dir='ltr'>melius</span> <span class='ocrx_word' id='word_1_637' title='bbox 1774 3891 1851 3950; x_wconf 90' lang='lat' dir='ltr'>udbi.</span> 
     </span>
     <span class='ocr_line' id='line_1_98' title="bbox 1067 3984 1845 4056; baseline -0.027 0"><span class='ocrx_word' id='word_1_638' title='bbox 1067 4001 1139 4056; x_wconf 90' lang='lat' dir='ltr'>istud</span> <span class='ocrx_word' id='word_1_639' title='bbox 1167 3997 1349 4054; x_wconf 89' lang='lat' dir='ltr'>necessarium</span> <span class='ocrx_word' id='word_1_640' title='bbox 1375 3996 1460 4051; x_wconf 88' lang='lat' dir='ltr'>robis.</span> <span class='ocrx_word' id='word_1_641' title='bbox 1475 3992 1509 4047; x_wconf 80' lang='lat' dir='ltr'>Et</span> <span class='ocrx_word' id='word_1_642' title='bbox 1525 3999 1640 4045; x_wconf 90' lang='lat' dir='ltr'>mertem</span> <span class='ocrx_word' id='word_1_643' title='bbox 1659 3988 1719 4042; x_wconf 88' lang='lat' dir='ltr'>illes</span> <span class='ocrx_word' id='word_1_644' title='bbox 1742 3998 1796 4040; x_wconf 90' lang='lat' dir='ltr'>uon</span> <span class='ocrx_word' id='word_1_645' title='bbox 1811 3984 1845 4037; x_wconf 87' lang='lat' dir='ltr'>ti·</span> 
     </span>
     <span class='ocr_line' id='line_1_99' title="bbox 1068 4078 1854 4160; baseline -0.027 -12"><span class='ocrx_word' id='word_1_646' title='bbox 1068 4106 1154 4158; x_wconf 88' lang='lat' dir='ltr'>mere,</span> <span class='ocrx_word' id='word_1_647' title='bbox 1170 4090 1219 4146; x_wconf 91' lang='lat' dir='ltr'>sed</span> <span class='ocrx_word' id='word_1_648' title='bbox 1244 4088 1358 4160; x_wconf 73' lang='lat' dir='ltr'>diligere</span> <span class='ocrx_word' id='word_1_649' title='bbox 1388 4087 1489 4142; x_wconf 88' lang='lat' dir='ltr'>debere</span> <span class='ocrx_word' id='word_1_650' title='bbox 1519 4097 1579 4150; x_wconf 91' lang='lat' dir='ltr'>ees,</span> <span class='ocrx_word' id='word_1_651' title='bbox 1607 4096 1657 4136; x_wconf 90' lang='lat' dir='ltr'>suo</span> <span class='ocrx_word' id='word_1_652' title='bbox 1684 4078 1854 4133; x_wconf 84' lang='lat' dir='ltr'>demonstrat</span> 
     </span>
     <span class='ocr_line' id='line_1_100' title="bbox 1067 4168 1852 4253; baseline -0.022 -16"><span class='ocrx_word' id='word_1_653' title='bbox 1067 4183 1208 4253; x_wconf 81' lang='lat' dir='ltr'>exetnple;</span> <span class='ocrx_word' id='word_1_654' title='bbox 1226 4190 1253 4237; x_wconf 90' lang='lat' dir='ltr'>et</span> <span class='ocrx_word' id='word_1_655' title='bbox 1267 4191 1296 4235; x_wconf 88' lang='lat' dir='ltr'>ut</span> <span class='ocrx_word' id='word_1_656' title='bbox 1310 4195 1363 4236; x_wconf 90' lang='lat' dir='ltr'>nee</span> <span class='ocrx_word' id='word_1_657' title='bbox 1384 4177 1594 4240; x_wconf 80' lang='lat' dir='ltr'>contristentur,</span> <span class='ocrx_word' id='word_1_658' title='bbox 1611 4184 1767 4227; x_wconf 83' lang='lat' dir='ltr'>tttansuruur</span> <span class='ocrx_word' id='word_1_659' title='bbox 1781 4183 1810 4223; x_wconf 90' lang='lat' dir='ltr'>se</span> <span class='ocrx_word' id='word_1_660' title='bbox 1826 4168 1852 4220; x_wconf 91' lang='lat' dir='ltr'>iu</span> 
     </span>
     <span class='ocr_line' id='line_1_101' title="bbox 1067 4269 1603 4346; baseline -0.024 -11"><span class='ocrx_word' id='word_1_661' title='bbox 1067 4293 1153 4336; x_wconf 90' lang='lat' dir='ltr'>carue</span> <span class='ocrx_word' id='word_1_662' title='bbox 1169 4277 1268 4346; x_wconf 88' lang='lat' dir='ltr'>spiritu</span> <span class='ocrx_word' id='word_1_663' title='bbox 1287 4273 1445 4346; x_wconf 90' lang='lat' dir='ltr'>prophetico</span> <span class='ocrx_word' id='word_1_664' title='bbox 1460 4269 1603 4342; x_wconf 88' lang='lat' dir='ltr'>premittit.</span> 
     </span>
    </p>

    <p class='ocr_par' dir='ltr' id='par_1_37' title="bbox 1068 4352 1853 4528">
     <span class='ocr_line' id='line_1_102' title="bbox 1106 4352 1853 4432; baseline -0.021 -11"><span class='ocrx_word' id='word_1_665' title='bbox 1106 4371 1164 4424; x_wconf 76' lang='lat' dir='ltr'>«Et</span> <span class='ocrx_word' id='word_1_666' title='bbox 1191 4372 1242 4424; x_wconf 91' lang='lat' dir='ltr'>hec</span> <span class='ocrx_word' id='word_1_667' title='bbox 1266 4367 1406 4424; x_wconf 86' lang='lat' dir='ltr'>eouddeus</span> <span class='ocrx_word' id='word_1_668' title='bbox 1439 4367 1507 4428; x_wconf 85' lang='lat' dir='ltr'>seio,</span> <span class='ocrx_word' id='word_1_669' title='bbox 1537 4362 1602 4432; x_wconf 81' lang='lat' dir='ltr'>nula</span> <span class='ocrx_word' id='word_1_670' title='bbox 1629 4356 1777 4414; x_wconf 76' lang='lat' dir='ltr'>manebo.»</span> <span class='ocrx_word' id='word_1_671' title='bbox 1795 4352 1853 4408; x_wconf 84' lang='lat' dir='ltr'>Neu</span> 
     </span>
     <span class='ocr_line' id='line_1_103' title="bbox 1068 4453 1676 4528; baseline -0.02 -10"><span class='ocrx_word' id='word_1_672' title='bbox 1068 4462 1154 4518; x_wconf 86' lang='lat' dir='ltr'>solutu</span> <span class='ocrx_word' id='word_1_673' title='bbox 1172 4460 1265 4528; x_wconf 92' lang='lat' dir='ltr'>crede,</span> <span class='ocrx_word' id='word_1_674' title='bbox 1280 4459 1328 4516; x_wconf 90' lang='lat' dir='ltr'>sed</span> <span class='ocrx_word' id='word_1_675' title='bbox 1339 4459 1423 4514; x_wconf 89' lang='lat' dir='ltr'>ctiam</span> <span class='ocrx_word' id='word_1_676' title='bbox 1434 4456 1588 4512; x_wconf 87' lang='lat' dir='ltr'>certissime</span> <span class='ocrx_word' id='word_1_677' title='bbox 1604 4453 1676 4508; x_wconf 87' lang='lat' dir='ltr'>nori.</span> 
     </span>
    </p>

    <p class='ocr_par' dir='ltr' id='par_1_38' title="bbox 1069 4541 1856 4711">
     <span class='ocr_line' id='line_1_104' title="bbox 1109 4541 1856 4624; baseline -0.015 -19"><span class='ocrx_word' id='word_1_678' title='bbox 1109 4572 1118 4605; x_wconf 90' lang='grc' dir='ltr'>ι</span> <span class='ocrx_word' id='word_1_679' title='bbox 1133 4553 1166 4608; x_wconf 88' lang='grc' dir='ltr'>Ει</span> <span class='ocrx_word' id='word_1_680' title='bbox 1185 4552 1349 4624; x_wconf 87' lang='lat' dir='ltr'>permanebo</span> <span class='ocrx_word' id='word_1_681' title='bbox 1378 4550 1506 4607; x_wconf 89' lang='lat' dir='ltr'>erunibus</span> <span class='ocrx_word' id='word_1_682' title='bbox 1522 4548 1610 4604; x_wconf 88' lang='lat' dir='ltr'>rubis.</span> <span class='ocrx_word' id='word_1_683' title='bbox 1626 4565 1635 4598; x_wconf 87' lang='lat' dir='ltr'>r</span> <span class='ocrx_word' id='word_1_684' title='bbox 1652 4545 1710 4601; x_wconf 83' lang='lat' dir='ltr'>Nee</span> <span class='ocrx_word' id='word_1_685' title='bbox 1733 4542 1809 4606; x_wconf 92' lang='lat' dir='ltr'>mihi,</span> <span class='ocrx_word' id='word_1_686' title='bbox 1829 4541 1856 4594; x_wconf 93' lang='lat' dir='ltr'>id</span> 
     </span>
     <span class='ocr_line' id='line_1_105' title="bbox 1069 4645 1368 4711; baseline -0.013 -9"><span class='ocrx_word' id='word_1_687' title='bbox 1069 4654 1127 4711; x_wconf 88' lang='lat' dir='ltr'>est,</span> <span class='ocrx_word' id='word_1_688' title='bbox 1139 4660 1192 4699; x_wconf 93' lang='lat' dir='ltr'>uon</span> <span class='ocrx_word' id='word_1_689' title='bbox 1206 4645 1257 4698; x_wconf 85' lang='lat' dir='ltr'>utel</span> <span class='ocrx_word' id='word_1_690' title='bbox 1276 4659 1368 4699; x_wconf 86' lang='lat' dir='ltr'>causa.</span> 
     </span>
    </p>
   </div>
   <div class='ocr_carea' id='block_1_14' title="bbox 1071 4746 1857 5088">
    <p class='ocr_par' dir='ltr' id='par_1_39' title="bbox 1071 4746 1857 5088">
     <span class='ocr_line' id='line_1_106' title="bbox 1110 4746 1857 4825; baseline -0.011 -16"><span class='ocrx_word' id='word_1_691' title='bbox 1110 4777 1118 4809; x_wconf 90' lang='grc' dir='ltr'>ι</span> <span class='ocrx_word' id='word_1_692' title='bbox 1134 4758 1174 4811; x_wconf 80' lang='lat' dir='ltr'>ad</span> <span class='ocrx_word' id='word_1_693' title='bbox 1197 4756 1347 4825; x_wconf 82' lang='lat' dir='ltr'>proiectum</span> <span class='ocrx_word' id='word_1_694' title='bbox 1367 4763 1501 4819; x_wconf 83' lang='lat' dir='ltr'>vestrum,</span> <span class='ocrx_word' id='word_1_695' title='bbox 1518 4761 1546 4808; x_wconf 87' lang='lat' dir='ltr'>el</span> <span class='ocrx_word' id='word_1_696' title='bbox 1561 4751 1692 4822; x_wconf 68' lang='lat' dir='ltr'>caudium</span> <span class='ocrx_word' id='word_1_697' title='bbox 1713 4748 1785 4803; x_wconf 84' lang='lat' dir='ltr'>sulci.</span> <span class='ocrx_word' id='word_1_698' title='bbox 1798 4766 1808 4799; x_wconf 88' lang='lat' dir='ltr'>t</span> <span class='ocrx_word' id='word_1_699' title='bbox 1823 4746 1857 4802; x_wconf 83' lang='lat' dir='ltr'>et</span> 
     </span>
     <span class='ocr_line' id='line_1_107' title="bbox 1071 4840 1852 4921; baseline -0.02 -13"><span class='ocrx_word' id='word_1_700' title='bbox 1071 4852 1221 4921; x_wconf 79' lang='lat' dir='ltr'>protectum</span> <span class='ocrx_word' id='word_1_701' title='bbox 1242 4849 1276 4905; x_wconf 86' lang='lat' dir='ltr'>de</span> <span class='ocrx_word' id='word_1_702' title='bbox 1289 4848 1378 4904; x_wconf 86' lang='lat' dir='ltr'>lrucltt</span> <span class='ocrx_word' id='word_1_703' title='bbox 1396 4847 1457 4902; x_wconf 82' lang='lat' dir='ltr'>stdei</span> <span class='ocrx_word' id='word_1_704' title='bbox 1484 4856 1591 4909; x_wconf 80' lang='lat' dir='ltr'>restrae,</span> <span class='ocrx_word' id='word_1_705' title='bbox 1607 4854 1635 4899; x_wconf 87' lang='lat' dir='ltr'>et</span> <span class='ocrx_word' id='word_1_706' title='bbox 1654 4842 1781 4911; x_wconf 73' lang='lat' dir='ltr'>paudiruu</span> <span class='ocrx_word' id='word_1_707' title='bbox 1803 4840 1852 4892; x_wconf 85' lang='lat' dir='ltr'>ha-</span> 
     </span>
     <span class='ocr_line' id='line_1_108' title="bbox 1072 4932 1857 5014; baseline -0.023 -14"><span class='ocrx_word' id='word_1_708' title='bbox 1072 4944 1168 5006; x_wconf 84' lang='lat' dir='ltr'>beatis,</span> <span class='ocrx_word' id='word_1_709' title='bbox 1182 4943 1240 5014; x_wconf 79' lang='lat' dir='ltr'>site</span> <span class='ocrx_word' id='word_1_710' title='bbox 1256 4949 1284 4996; x_wconf 91' lang='lat' dir='ltr'>ut</span> <span class='ocrx_word' id='word_1_711' title='bbox 1301 4938 1443 5012; x_wconf 71' lang='lat' dir='ltr'>gaudentis</span> <span class='ocrx_word' id='word_1_712' title='bbox 1459 4936 1544 5006; x_wconf 84' lang='lat' dir='ltr'>:quia</span> <span class='ocrx_word' id='word_1_713' title='bbox 1572 4943 1664 4992; x_wconf 82' lang='lat' dir='ltr'>restra</span> <span class='ocrx_word' id='word_1_714' title='bbox 1680 4949 1723 4989; x_wconf 90' lang='lat' dir='ltr'>me</span> <span class='ocrx_word' id='word_1_715' title='bbox 1739 4932 1806 4986; x_wconf 88' lang='lat' dir='ltr'>lidos</span> <span class='ocrx_word' id='word_1_716' title='bbox 1829 4938 1857 4984; x_wconf 91' lang='lat' dir='ltr'>et</span> 
     </span>
     <span class='ocr_line' id='line_1_109' title="bbox 1071 5031 1356 5088; baseline 0 -1"><span class='ocrx_word' id='word_1_717' title='bbox 1071 5033 1160 5088; x_wconf 88' lang='lat' dir='ltr'>oratio</span> <span class='ocrx_word' id='word_1_718' title='bbox 1174 5031 1356 5087; x_wconf 84' lang='lat' dir='ltr'>conservarit.</span> 
     </span>
    </p>
   </div>
   <div class='ocr_carea' id='block_1_15' title="bbox 1071 5133 1857 5396">
    <p class='ocr_par' dir='ltr' id='par_1_40' title="bbox 1071 5133 1857 5396">
     <span class='ocr_line' id='line_1_110' title="bbox 1109 5133 1857 5217; baseline -0.017 -17"><span class='ocrx_word' id='word_1_719' title='bbox 1109 5167 1119 5200; x_wconf 88' lang='lat' dir='ltr'>r</span> <span class='ocrx_word' id='word_1_720' title='bbox 1134 5149 1169 5205; x_wconf 88' lang='lat' dir='ltr'>ttt</span> <span class='ocrx_word' id='word_1_721' title='bbox 1183 5146 1329 5217; x_wconf 68' lang='lat' dir='ltr'>gratulatio</span> <span class='ocrx_word' id='word_1_722' title='bbox 1344 5151 1435 5199; x_wconf 84' lang='lat' dir='ltr'>restra</span> <span class='ocrx_word' id='word_1_723' title='bbox 1449 5141 1569 5197; x_wconf 80' lang='lat' dir='ltr'>abundet</span> <span class='ocrx_word' id='word_1_724' title='bbox 1584 5141 1611 5196; x_wconf 92' lang='lat' dir='ltr'>iu</span> <span class='ocrx_word' id='word_1_725' title='bbox 1626 5138 1735 5194; x_wconf 85' lang='lat' dir='ltr'>Christe</span> <span class='ocrx_word' id='word_1_726' title='bbox 1749 5133 1812 5189; x_wconf 83' lang='lat' dir='ltr'>lete</span> <span class='ocrx_word' id='word_1_727' title='bbox 1830 5134 1857 5187; x_wconf 91' lang='lat' dir='ltr'>iu</span> 
     </span>
     <span class='ocr_line' id='line_1_111' title="bbox 1071 5224 1857 5311; baseline -0.024 -13"><span class='ocrx_word' id='word_1_728' title='bbox 1071 5255 1274 5311; x_wconf 88' lang='lat' dir='ltr'>me,pertneuut</span> <span class='ocrx_word' id='word_1_729' title='bbox 1285 5238 1428 5294; x_wconf 83' lang='lat' dir='ltr'>adrentum</span> <span class='ocrx_word' id='word_1_730' title='bbox 1440 5235 1537 5289; x_wconf 90' lang='lat' dir='ltr'>itentm</span> <span class='ocrx_word' id='word_1_731' title='bbox 1546 5234 1578 5287; x_wconf 90' lang='lat' dir='ltr'>ad</span> <span class='ocrx_word' id='word_1_732' title='bbox 1589 5245 1663 5285; x_wconf 76' lang='lat' dir='ltr'>rest</span> <span class='ocrx_word' id='word_1_733' title='bbox 1674 5224 1706 5284; x_wconf 83' lang='lat' dir='ltr'>llt</span> <span class='ocrx_word' id='word_1_734' title='bbox 1716 5237 1857 5296; x_wconf 75' lang='lat' dir='ltr'>postquem</span> 
     </span>
     <span class='ocr_line' id='line_1_112' title="bbox 1073 5320 1783 5396; baseline -0.023 -10"><span class='ocrx_word' id='word_1_735' title='bbox 1073 5334 1185 5389; x_wconf 84' lang='lat' dir='ltr'>riseriru</span> <span class='ocrx_word' id='word_1_736' title='bbox 1205 5347 1264 5396; x_wconf 89' lang='lat' dir='ltr'>tos,</span> <span class='ocrx_word' id='word_1_737' title='bbox 1282 5331 1382 5387; x_wconf 88' lang='lat' dir='ltr'>iterum</span> <span class='ocrx_word' id='word_1_738' title='bbox 1401 5325 1585 5384; x_wconf 83' lang='lat' dir='ltr'>abuudantius</span> <span class='ocrx_word' id='word_1_739' title='bbox 1600 5320 1783 5394; x_wconf 75' lang='lat' dir='ltr'>gratulemini.</span> 
     </span>
    </p>
   </div>
   <div class='ocr_carea' id='block_1_16' title="bbox 1073 5433 1860 5702">
    <p class='ocr_par' dir='ltr' id='par_1_41' title="bbox 1073 5433 1860 5702">
     <span class='ocr_line' id='line_1_113' title="bbox 1111 5433 1856 5514; baseline -0.019 -16"><span class='ocrx_word' id='word_1_740' title='bbox 1111 5447 1243 5501; x_wconf 74' lang='lat' dir='ltr'>«rantum</span> <span class='ocrx_word' id='word_1_741' title='bbox 1255 5445 1338 5514; x_wconf 73' lang='lat' dir='ltr'>digne</span> <span class='ocrx_word' id='word_1_742' title='bbox 1354 5440 1503 5513; x_wconf 79' lang='lat' dir='ltr'>Evangelio</span> <span class='ocrx_word' id='word_1_743' title='bbox 1515 5438 1616 5495; x_wconf 85' lang='lat' dir='ltr'>Christi</span> <span class='ocrx_word' id='word_1_744' title='bbox 1630 5433 1856 5491; x_wconf 74' lang='lat' dir='ltr'>conuersenriui.»</span> 
     </span>
     <span class='ocr_line' id='line_1_114' title="bbox 1073 5523 1860 5607; baseline -0.025 -12"><span class='ocrx_word' id='word_1_745' title='bbox 1073 5539 1169 5595; x_wconf 85' lang='lat' dir='ltr'>Oruuia</span> <span class='ocrx_word' id='word_1_746' title='bbox 1182 5537 1243 5607; x_wconf 83' lang='lat' dir='ltr'>ejus</span> <span class='ocrx_word' id='word_1_747' title='bbox 1265 5544 1400 5604; x_wconf 75' lang='lat' dir='ltr'>precepta</span> <span class='ocrx_word' id='word_1_748' title='bbox 1421 5530 1649 5596; x_wconf 63' lang='lat' dir='ltr'>sennacherim</span> <span class='ocrx_word' id='word_1_749' title='bbox 1667 5527 1746 5596; x_wconf 79' lang='lat' dir='ltr'>digne</span> <span class='ocrx_word' id='word_1_750' title='bbox 1771 5523 1860 5576; x_wconf 77' lang='lat' dir='ltr'>etan·</span> 
     </span>
     <span class='ocr_line' id='line_1_115' title="bbox 1073 5620 1698 5702; baseline -0.021 -14"><span class='ocrx_word' id='word_1_751' title='bbox 1073 5630 1135 5702; x_wconf 75' lang='lat' dir='ltr'>polii</span> <span class='ocrx_word' id='word_1_752' title='bbox 1157 5627 1384 5701; x_wconf 74' lang='lat' dir='ltr'>predicatoribus</span> <span class='ocrx_word' id='word_1_753' title='bbox 1402 5637 1568 5682; x_wconf 85' lang='lat' dir='ltr'>conseruare</span> <span class='ocrx_word' id='word_1_754' title='bbox 1580 5620 1698 5678; x_wconf 88' lang='lat' dir='ltr'>debetis.</span> 
     </span>
    </p>
   </div>
   <div class='ocr_carea' id='block_1_17' title="bbox 1112 5730 1861 5801">
    <p class='ocr_par' dir='ltr' id='par_1_42' title="bbox 1112 5730 1861 5801">
     <span class='ocr_line' id='line_1_116' title="bbox 1112 5730 1861 5801; baseline -0.02 -3"><span class='ocrx_word' id='word_1_755' title='bbox 1112 5766 1120 5798; x_wconf 89' lang='lat' dir='ltr'>t</span> <span class='ocrx_word' id='word_1_756' title='bbox 1137 5744 1172 5801; x_wconf 90' lang='lat' dir='ltr'>Ut</span> <span class='ocrx_word' id='word_1_757' title='bbox 1188 5746 1246 5800; x_wconf 85' lang='lat' dir='ltr'>sire</span> <span class='ocrx_word' id='word_1_758' title='bbox 1262 5760 1324 5798; x_wconf 85' lang='lat' dir='ltr'>rum</span> <span class='ocrx_word' id='word_1_759' title='bbox 1342 5756 1443 5798; x_wconf 86' lang='lat' dir='ltr'>renero</span> <span class='ocrx_word' id='word_1_760' title='bbox 1458 5749 1485 5795; x_wconf 92' lang='lat' dir='ltr'>ct</span> <span class='ocrx_word' id='word_1_761' title='bbox 1506 5738 1601 5793; x_wconf 86' lang='lat' dir='ltr'>uidero</span> <span class='ocrx_word' id='word_1_762' title='bbox 1615 5751 1675 5795; x_wconf 87' lang='lat' dir='ltr'>tos.</span> <span class='ocrx_word' id='word_1_763' title='bbox 1692 5730 1861 5789; x_wconf 84' lang='lat' dir='ltr'>sireabsctrs</span> 
     </span>
    </p>
   </div>
   <div class='ocr_carea' id='block_1_18' title="bbox 1075 5822 1884 6003">
    <p class='ocr_par' dir='ltr' id='par_1_43' title="bbox 1075 5822 1884 6003">
     <span class='ocr_line' id='line_1_117' title="bbox 1075 5822 1860 5905; baseline -0.027 -8"><span class='ocrx_word' id='word_1_764' title='bbox 1075 5839 1184 5896; x_wconf 82' lang='lat' dir='ltr'>audiam</span> <span class='ocrx_word' id='word_1_765' title='bbox 1202 5838 1236 5895; x_wconf 88' lang='lat' dir='ltr'>de</span> <span class='ocrx_word' id='word_1_766' title='bbox 1253 5838 1329 5892; x_wconf 84' lang='lat' dir='ltr'>rubis</span> <span class='ocrx_word' id='word_1_767' title='bbox 1347 5855 1355 5892; x_wconf 71' lang='grc' dir='ltr'><strong>ε</strong></span> <span class='ocrx_word' id='word_1_768' title='bbox 1373 5834 1436 5905; x_wconf 76' lang='lat' dir='ltr'>quia</span> <span class='ocrx_word' id='word_1_769' title='bbox 1457 5833 1536 5889; x_wconf 88' lang='lat' dir='ltr'>statis</span> <span class='ocrx_word' id='word_1_770' title='bbox 1550 5831 1578 5885; x_wconf 90' lang='lat' dir='ltr'>iu</span> <span class='ocrx_word' id='word_1_771' title='bbox 1592 5845 1645 5884; x_wconf 93' lang='lat' dir='ltr'>une</span> <span class='ocrx_word' id='word_1_772' title='bbox 1669 5825 1777 5897; x_wconf 88' lang='lat' dir='ltr'>spiritu.</span> <span class='ocrx_word' id='word_1_773' title='bbox 1792 5841 1802 5875; x_wconf 83' lang='grc' dir='ltr'>ι</span> <span class='ocrx_word' id='word_1_774' title='bbox 1817 5822 1860 5876; x_wconf 81' lang='lat' dir='ltr'>Si-</span> 
     </span>
     <span class='ocr_line' id='line_1_118' title="bbox 1076 5916 1884 6003; baseline -0.042 -14"><span class='ocrx_word' id='word_1_775' title='bbox 1076 5942 1122 5989; x_wconf 83' lang='lat' dir='ltr'>cut</span> <span class='ocrx_word' id='word_1_776' title='bbox 1139 5930 1254 6003; x_wconf 72' lang='lat' dir='ltr'>legirutts</span> <span class='ocrx_word' id='word_1_777' title='bbox 1266 5947 1275 5990; x_wconf 85' lang='lat'>·.</span> <span class='ocrx_word' id='word_1_778' title='bbox 1287 5929 1358 5999; x_wconf 78' lang='lat' dir='ltr'>Quin</span> <span class='ocrx_word' id='word_1_779' title='bbox 1370 5937 1429 5984; x_wconf 89' lang='lat' dir='ltr'>crut</span> <span class='ocrx_word' id='word_1_780' title='bbox 1442 5926 1482 5982; x_wconf 81' lang='lat' dir='ltr'>eia</span> <span class='ocrx_word' id='word_1_781' title='bbox 1495 5941 1539 5980; x_wconf 86' lang='lat' dir='ltr'>rur</span> <span class='ocrx_word' id='word_1_782' title='bbox 1557 5936 1645 5977; x_wconf 83' lang='grc' dir='ltr'>ιιιιιιιιι</span> <span class='ocrx_word' id='word_1_783' title='bbox 1659 5928 1686 5972; x_wconf 86' lang='lat' dir='ltr'>et</span> <span class='ocrx_word' id='word_1_784' title='bbox 1700 5916 1884 5969; x_wconf 72' lang='lat' dir='ltr'>urr‘xntuuan:</span> 
     </span>
    </p>
   </div>
   <div class='ocr_carea' id='block_1_19' title="bbox 0 0 2090 6434">
    <p class='ocr_par' dir='ltr' id='par_1_44' title="bbox 0 0 2090 6434">
     <span class='ocr_line' id='line_1_119' title="bbox 0 0 2090 6434; baseline 0 0"><span class='ocrx_word' id='word_1_785' title='bbox 0 0 2090 6434; x_wconf 95' lang='lat' dir='ltr'> </span> 
     </span>
    </p>
   </div>
  </div>
 </body>
</html>
