4109 6434
207 449 264 516 85
1783 432 1836 496 iii
1898 445 1904 459 “

207 581 259 619 non
274 559 421 630 [stipamini
441 559 536 612 enituit
559 554 654 610 nastris
673 554 827 620 deficientes
842 570 852 608 :
877 553 993 608 noudrtm
1007 547 1033 612 Α
1048 555 1074 607 iu
1094 557 1171 610 nohis
1195 554 1295 610 suflicit
1310 554 1342 608 ud
1366 554 1460 619 uitam,
1478 550 1589 608 etiantsi
1606 549 1708 620 aliquid
1726 549 1838 604 interim

207 652 279 705 enirn
294 666 375 716 eapite
387 649 421 698 ud
437 644 593 714 rnupuiuem
611 644 747 697 restitistis
764 643 856 712 (ileir.
870 659 920 716 su,
936 645 993 710 δι).
1048 649 1137 702 minus
1148 649 1269 702 scientiae
1284 647 1402 704 hahetis.

247 739 429 794 ‹Seotuulum
456 736 688 806 dispensationem
717 734 775 796 net,
792 751 852 803 ottae
875 736 938 787 data
956 743 997 787 est
1085 735 1634 808 tliadicatietsupercetlillcaliinipso.
1653 753 1662 787 ι
1681 733 1836 789 Secundum

211 831 276 886 mihi
293 833 318 883 ιιι
335 829 411 883 nobis
428 846 437 884 t
456 839 485 881 ιιι
498 828 623 896 impleam
638 826 749 880 vet-bum
763 824 821 892 Dei,
836 825 996 894 mysterium
1048 834 1130 888 ruitur
1147 832 1326 895 ltntdauronti,
1340 830 1458 883 validum
1477 827 1663 896 supercrescit
1679 827 1835 882 aedilicium.

211 924 281 993 prrod
294 921 482 977 alisconditnm
497 919 548 972 init
564 917 732 972 asteculiset
741 916 994 987 generationibus.»
1086 927 1141 980 ιΕι
1156 924 1311 980 marinam
1328 924 1355 977 tn
1371 922 1423 977 ιιιιιι
1440 921 1531 976 :sicut
1545 930 1572 976 et
1589 919 1738 983 ιιῑᾱῑιῑςιῑι,
1755 918 1837 973 ahtan.

211 1019 345 1073 lloetrinae
368 1016 545 1086 erartgelicae,
562 1030 643 1084 quant
668 1014 746 1071 robis
764 1014 892 1088 pentibus
903 1015 998 1085 jussus
1049 1019 1145 1072 slantes
1160 1017 1186 1070 in
1202 1016 1248 1071 illo
1263 1016 1289 1069 in
1310 1017 1461 1087 gratiarum
1475 1013 1594 1067 actione.
1609 1031 1619 1063 ι
1649 1011 1768 1079 Semper
1778 1027 1838 1066 cre·

211 1126 270 1165 ιιιιιι
285 1125 410 1178 erogare.
1049 1120 1157 1166 secutos
1172 1109 1199 1162 in
1218 1109 1288 1163 ilios
1317 1115 1345 1162 ot
1371 1121 1421 1178 pru
1445 1105 1574 1160 omnihus
1599 1104 1746 1159 heneilciis
1780 1102 1838 1172 ejus

248 1202 350 1256 «Nilne
376 1213 465 1256 atttctn
495 1201 698 1255 ntaniicslalnut
725 1209 767 1255 est
795 1185 997 1269 sanctis‘ejns,
1049 1203 1151 1274 gratias
1165 1201 1326 1256 relerentes,

212 1296 313 1367 quihns
328 1294 416 1351 soluit
440 1295 523 1350 licus.
543 1315 551 1346 ι
579 1295 713 1361 Toutpore
730 1309 783 1363 quo
804 1295 890 1349 nolint
905 1302 999 1365 gentes
1088 1314 1097 1347 ι
1115 1295 1210 1350 Videte
1225 1310 1259 1348 ne
1274 1294 1335 1364 quis
1360 1307 1409 1347 ros
1426 1291 1544 1361 decipiat
1557 1304 1607 1360 per
1625 1288 1838 1359 philosophiam,

210 1403 328 1454 rorare,
353 1387 454 1456 quihus
476 1387 560 1443 soluit
583 1387 688 1444 sanctis
709 1388 818 1456 apernit
843 1401 1000 1442 sacramen·
1050 1399 1076 1444 et
1099 1389 1206 1442 inanem
1225 1387 1360 1442 laliaciam
1377 1385 1529 1443 secundum
1553 1385 1731 1439 traditionem
1756 1384 1839 1437 boun·

213 1490 284 1538 ιιιιιι.
1052 1491 1140 1534 nutu:
1155 1478 1302 1532 secundum
1315 1476 1449 1531 elementa
1464 1473 1570 1539 muntii,
1582 1482 1672 1528 etnon
1689 1475 1839 1528 seeundum

252 1595 261 1625 ι
277 1574 361 1629 Notas
379 1575 470 1629 iacere
494 1573 605 1627 diuitias
620 1571 713 1642 gloriae
733 1570 898 1625 sacramenti
917 1570 999 1653 hujus
1051 1569 1204 1624 Christum.
1222 1586 1232 1619 ι
1248 1567 1349 1623 Contra
1365 1566 1543 1636 philosophos
1555 1566 1603 1629 ait,
1620 1579 1741 1634 ortorum
1753 1566 1839 1619 omnis

215 1664 397 1736 ingentibus.
418 1684 428 1716 ι
455 1664 524 1731 Quia
549 1664 619 1717 idem
646 1661 1001 1728 Domiuuromniuut,diuet
1052 1677 1139 1732 pone
1134 1657 1558 1730 disputatiodeetementisest.
1580 1667 1607 1711 et
1632 1656 1841 1711 devisilriiihna

213 1757 241 1811 in
257 1774 344 1811 oetaeo
359 1759 404 1828 qui
420 1758 540 1810 invocant
559 1755 634 1810 iilum
651 1753 739 1818 (llont¹
757 1772 784 1819 s,
803 1755 859 1818 tal.
1052 1754 1195 1818 creaturis,
1212 1761 1238 1807 et
1266 1767 1298 1806 ex
1313 1750 1396 1807 rebus
1413 1749 1585 1804 naturalibus
1602 1748 1732 1803 uirtutem
1748 1749 1840 1803 existi·

253 1846 352 1912 ‹Qrtotl
370 1858 411 1901 est
425 1847 553 1903 Citristus
578 1846 699 1900 iurabis
721 1860 783 1915 spes
801 1845 902 1917 gloriae,
920 1860 999 1914 quiem
1054 1858 1129 1899 tnant
1145 1843 1190 1899 lici
1206 1844 1362 1907 adlocutos,
1378 1858 1409 1896 ex
1427 1840 1513 1896 nihilo
1537 1840 1595 1895 lieri
1608 1839 1676 1894 nihil
1695 1855 1777 1910 posse
1795 1851 1842 1895 :et

216 1951 264 1989 rios
276 1937 482 2001 anumniamus,
498 1935 679 2007 corripientes
696 1951 804 1993 cutnctn
817 1937 963 2000 bominem,
975 1946 1002 1989 et
1052 1937 1183 2001 aninam,
1194 1948 1238 1990 aut
1248 1935 1354 1990 initium
1370 1947 1423 1986 non
1433 1932 1544 1998 babere,
1555 1933 1840 1998 atttesseutortalent3

217 2029 346 2082 docontes
362 2028 387 2080 ir.
404 2030 476 2083 ιιιιιιιι
493 2029 635 2097 sapientia.
652 2046 661 2080 ι
681 2026 803 2082 iudaum
819 2036 846 2082 et
862 2026 1001 2090 Greoum,
1053 2029 1221 2097 etnirginom
1237 2033 1334 2098 parere
1348 2026 1461 2080 omnino
1475 2040 1529 2080 nou
1546 2038 1638 2096 posse,
1654 2023 1703 2079 sed
1717 2035 1746 2078 ct
1761 2022 1841 2079 liettm

214 2128 367 2173 serriunet
386 2119 514 2175 liberum.
544 2119 631 2174 Siniul
656 2120 781 2183 attende,
809 2121 882 2188 qttod
908 2132 1003 2174 atarneo
1053 2136 1085 2175 er
1103 2119 1317 2185 ltominenasci,
1346 2117 1429 2183 mori,
1444 2126 1527 2187 atque
1548 2131 1708 2187 resurgere,
1732 2116 1842 2171 stultum

215 2212 378 2280 smientiam
397 2209 507 2267 tineent.
1053 2229 1125 2271 csse.

252 2325 262 2358 ι
279 2303 315 2360 Ut
330 2306 510 2361 exhibeamus
524 2321 633 2384 omnem
652 2306 790 2361 bominem
808 2305 959 2376 perlectum
974 2304 1002 2359 iu
1092 2327 1102 2360 ι
1119 2307 1187 2375 Quia
1204 2308 1230 2361 in
1248 2307 1308 2377 ipso
1323 2306 1460 2363 inhahitat
1482 2304 1572 2361 omnis
1589 2301 1733 2372 plenitudo
1749 2300 1843 2357 dielni-

213 2396 323 2451 Christo
336 2394 399 2452 iesu
415 2412 424 2452 ι
439 2397 466 2450 in
479 2384 570 2464 ouo'et
587 2396 694 2462 laboro,
707 2397 838 2452 certando
852 2398 1002 2451 secundum
1056 2402 1119 2456 tatis
1134 2400 1323 2471 corporaliter.
1340 2419 1350 2452 ι
1367 2399 1462 2456 Omnis
1472 2397 1612 2469 plenitudo
1630 2395 1733 2451 divine
1743 2405 1844 2451 nature

679 440 711 501 S.
731 435 954 500 littthddlttt
976 436 1135 535 odibunt
1157 438 1357 503 lttthttssa.

214 2490 400 2558 operationem
415 2489 489 2558 eius.
514 2504 595 2558 ortam
611 2500 742 2559 operatur
759 2490 786 2543 in
805 2503 848 2542 nte
866 2489 974 2542 virtute.
990 2506 1000 2538 ι

215 2581 370 2638 Notandum
385 2583 457 2654 quoti
470 2598 565 2638 omnes
582 2592 698 2637 conetur
713 2582 842 2637 exhihere
856 2582 1002 2653 perlectos.

520 2738 635 2797 CAPUT
668 2739 702 2794 ii

257 2852 350 2908 aiolo
378 2852 451 2908 enim
478 2868 527 2908 ros
557 2852 629 2908 scire
657 2851 766 2922 qualem
793 2849 1005 2907 sollicitudinem

219 2948 334 3004 babeam
351 2963 400 3017 pro
414 2945 503 3010 nohis
527 2957 554 3003 et
577 2962 627 3016 pro
644 2947 687 3000 his
700 2944 745 3016 qui
760 2953 824 3000 suut
842 2943 1004 3000 Laodiceae:

219 3054 247 3098 et
263 3045 417 3111 polentaque
430 3056 483 3095 non
495 3040 623 3096 viderunt
637 3038 734 3094 laciem
751 3052 838 3093 meam
856 3038 883 3091 in
899 3049 1005 3092 carne:

218 3142 248 3188 ut
263 3133 442 3189 consolentur
457 3132 540 3187 eorda
566 3132 698 3199 ipsorum,
717 3128 842 3185 instructi
866 3128 893 3183 in
916 3128 1007 3183 ohari-

1055 2496 1213 2560 incorpore
1228 2496 1287 2562 eius
1304 2495 1447 2549 inhahitat.

1095 2604 1104 2637 ι
1127 2586 1241 2640 Etesiis
1268 2586 1294 2639 in
1313 2586 1360 2642 il¹o
1386 2585 1558 2657 repletioni
1580 2595 1624 2642 est
1649 2595 1733 2656 caput
1759 2582 1846 2640 omnis

1057 2694 1097 2748 pr
1092 2679 1228 2748 ncipatns
1245 2689 1272 2734 ot
1290 2679 1444 2748 potestatis
1461 2699 1470 2732 ι
1504 2679 1533 2735 Si
1548 2678 1620 2735 iilius
1637 2678 1753 2734 scienda
1768 2678 1847 2732 dore·

1057 2773 1134 2834 mini
1156 2773 1203 2843 qui
1231 2773 1354 2840 prodidit
1386 2774 1495 2829 initium
1530 2773 1662 2828 invisibili
1694 2779 1847 2828 creaturae:

1056 2865 1214 2932 quidnobis
1244 2865 1399 2932 sorderent,
1428 2865 1474 2936 qui
1507 2865 1575 2921 nibil
1604 2865 1666 2936 plus
1681 2863 1847 2936 intelligunt

1057 2972 1137 3025 piram
1157 2957 1229 3025 ιιιιιιιΙ
1245 2957 1365 3011 rident?

1096 3065 1105 3096 ι
1126 3047 1155 3102 iu
1180 3062 1233 3116 qno
1251 3055 1277 3100 et
1293 3045 1449 3102 circumcisi
1470 3046 1537 3103 estis
1564 3044 1780 3120 circumcisione
1795 3061 1848 3100 noa

1058 3138 1216 3193 manufacta
1230 3140 1258 3193 in
1275 3138 1475 3208 exspoliatione
1499 3137 1623 3208 corporis
1638 3139 1745 3193 carnis·
1762 3156 1773 3190 ι
1802 3137 1850 3193 liic

218 3235 285 3289 tate,
307 3234 334 3280 et
357 3227 385 3279 in
399 3239 494 3280 omnes
531 3223 641 3279 divitias
659 3222 835 3291 plenitudinis
849 3219 1039 3290 intellectusc
1055 3217 1112 3298 jam
1131 3222 1374 3301 pseudoapostolos
1390 3241 1476 3300 pam,
1493 3247 1528 3286 „e
1543 3232 1578 3287 ab
1591 3231 1659 3301 apsis
1673 3229 1789 3302 quam
1807 3244 1850 3288 ω.

217 3319 246 3371 in
262 3317 403 3386 spuitione
429 3314 552 3386 mysterii
569 3313 616 3368 liei
635 3311 724 3368 Patris
740 3320 766 3367 et
783 3311 884 3367 Christi
897 3309 972 3366 iesu.
990 3326 1000 3362 ι

217 3406 269 3472 Qui
282 3408 305 3461 si
325 3421 368 3461 me
394 3405 538 3471 vidissent,
555 3413 583 3459 et
598 3405 760 3459 citaritatem
784 3417 873 3457 meam
887 3417 951 3470 erpa
964 3416 1005 3465 sc,

219 3507 247 3552 et
257 3499 367 3552 diritius
383 3497 504 3570 mysterii
530 3497 638 3566 plenius
653 3494 859 3566 cognovissent,
874 3493 1004 3562 majorem

219 3591 412 3659 praestitissent
433 3589 570 3663 aiieetupt,
601 3600 628 3645 ct
645 3589 843 3645 abundantiam
860 3587 1004 3643 rationisa

222 3695 275 3746 ine,
291 3697 373 3751 quam
392 3681 502 3751 abipso
522 3680 634 3737 Christo
654 3680 749 3745 didici,
767 3680 955 3735 docerentur:
979 3690 1007 3734 et

220 3788 269 3843 per
282 3771 339 3826 haec
355 3770 567 3828 consolationem
581 3771 698 3827 inissent
713 3771 865 3826 consecuti.

259 3883 268 3916 ι
285 3863 311 3916 in
324 3879 378 3932 prro
395 3875 459 3919 suut
471 3878 569 3919 omncs
581 3863 701 3919 thesauri
718 3863 860 3939 sapientiae
873 3870 901 3917 ct
917 3862 1008 3916 scion·

222 3957 275 4010 tiae.
295 3975 304 4009 ι
328 3956 378 4022 Qui
394 3956 517 4010 latebant
540 3957 567 4009 in
586 3955 686 4010 litteris
710 3954 801 4024 Legis,
826 3953 900 4007 sicut
924 3953 1008 4008 isaias

220 4050 259 4104 ait
275 4068 282 4103 ι
300 4049 332 4104 iu
344 4050 478 4105 thesauris
494 4049 568 4103 roias
580 4057 672 4102 nostro
685 4047 754 4102 uenit
771 4047 839 4116 (irc.
857 4062 953 4109 arsut,
965 4045 1006 4106 st.

259 4159 270 4192 ι
283 4141 455 4196 Διιιιοιιιιιῑι.
473 4161 482 4193 ι
499 4139 643 4212 Quilioysi
654 4149 734 4195 erant
746 4138 880 4193 velamine
890 4138 1007 4193 contecti

222 4231 322 4302 (deod.
336 4248 423 4297 saxu,
436 4233 496 4301 53).

259 4345 270 4377 ι
286 4325 342 4380 linc
360 4334 449 4378 antem
467 4325 538 4387 dieo.
563 4334 593 4378 ut
610 4340 690 4380 uento
712 4341 761 4381 ros
776 4326 896 4396 decipiat
911 4328 938 4383 in
961 4344 1009 4385 su·

171 4447 172 4450 =
222 4413 354 4468 hlituitate
378 4429 575 4470 sortnonum.r
606 4414 712 4470 ideirco
736 4416 834 4472 molius
855 4418 963 4484 inisset,
980 4430 1009 4474 nt

223 4520 274 4571 ego
288 4520 406 4574 praesens
423 4508 586 4560 instruerem
605 4521 613 4561 t
633 4507 680 4562 sed
699 4519 788 4561 tanuen
814 4509 933 4562 breviter
948 4524 1009 4563 om·

1061 3322 1207 3376 ducantur.

1100 3457 1109 3490 t
1126 3437 1179 3492 Sed
1197 3438 1224 3492 in
1236 3434 1520 3493 circumcisioneiesu
1533 3430 1649 3498 illinisti,
1663 3430 1819 3502 consepulti
1827 3430 1851 3486 ei

1061 3531 1088 3584 in
1107 3532 1252 3596 haptisruo.
1270 3549 1280 3585 ι
1298 3529 1349 3586 Per
1359 3545 1441 3602 quam
1456 3538 1544 3586 totum
1560 3527 1701 3583 homiuem
1718 3525 1852 3597 exspolia-

1061 3621 1123 3675 stis.

1100 3749 1109 3782 t
1129 3729 1157 3783 ln
1173 3745 1227 3798 otto
1254 3742 1280 3785 ct
1306 3729 1497 3786 resurrexistis
1514 3744 1562 3798 per
1576 3727 1656 3784 tidem
1683 3729 1851 3796 operationis

1063 3821 1125 3887 Dei,
1153 3825 1199 3891 qni
1217 3821 1359 3879 suscitarit
1377 3820 1481 3876 illuma
1497 3820 1625 3877 mortuis.
1643 3836 1653 3872 ι
1686 3818 1852 3876 Surrexistis

1062 3913 1092 3966 in
1110 3929 1207 3968 itonam
1224 3913 1320 3978 uitam,
1338 3912 1483 3968 credentes
1498 3926 1561 3968 eum
1574 3911 1657 3967 etiam
1670 3922 1786 3982 propter
1803 3911 1853 3967 boe

1063 4019 1228 4060 sttrtettsse.

1103 4136 1112 4169 ι
1134 4115 1167 4169 Ει
1182 4129 1230 4169 tos
1247 4129 1309 4170 cum
1325 4114 1428 4169 mortni
1445 4112 1545 4169 essetis
1557 4112 1584 4168 iu
1607 4112 1728 4177 delictis,
1744 4123 1773 4167 et
1788 4127 1853 4182 pra·

1065 4209 1140 4278 putio
1155 4205 1246 4261 caratis
1275 4216 1414 4260 restrae.»
1443 4204 1684 4271 erianonsnlum
1699 4216 1851 4275 peccaturis,

1065 4299 1210 4356 sedetiam
1233 4311 1286 4352 nort
1304 4297 1459 4352 circumcisi
1487 4297 1514 4350 iu
1535 4296 1593 4365 lege
1613 4297 1719 4367 pariter
1741 4298 1854 4352 damna·-

1067 4392 1179 4447 huutur.
1211 4391 1278 4442 Cum
1293 4405 1360 4455 ergo
1374 4388 1521 4458 dupliciter
1536 4387 1642 4459 indigni
1662 4389 1774 4455 essetis,
1789 4390 1853 4443 ilio-

1065 4500 1124 4540 rum
1140 4492 1285 4538 consortes
1296 4482 1387 4536 ellecti
1404 4482 1482 4536 estis.

225 4614 286 4653 uern
301 4597 460 4668 sapientiam
473 4599 500 4652 in
513 4597 573 4668 ipso
586 4613 647 4653 csse
660 4600 840 4670 cornplcram,
856 4612 885 4655 nt
898 4588 1050 4658 sensan
1101 4596 1336 4653 ‹Convivilicavit
1364 4609 1426 4649 cum
1454 4595 1511 4659 illo.
1532 4596 1640 4651 donini
1658 4596 1738 4651 ⁸⁴0¹)ss
1766 4596 1853 4653 omni!

223 4695 265 4746 rol
283 4706 437 4745 sermonem
457 4690 646 4760 philosophiae,
661 4707 721 4761 qttae
745 4703 839 4747 contra
866 4694 939 4747 illum
956 4703 1008 4759 est,

225 4797 278 4835 ttort
293 4781 379 4836 solunt
396 4796 449 4835 non
468 4782 596 4848 elimatis,
621 4783 668 4839 scri
686 4785 769 4839 eliam
788 4786 914 4841 stultitias
928 4786 1012 4857 depu-

225 4874 302 4929 tetis.

263 4964 357 5020 «Nam
384 4975 411 5021 et
438 4966 460 5020 si
482 4981 597 5038 corpore
620 4970 720 5026 absens
744 4984 816 5034 sum,
841 4973 887 5026 seri
915 4973 1011 5042 spiritu

226 5057 365 5111 vohi-enm
382 5072 441 5112 suut
454 5059 575 5129 gaudeus
591 5069 618 5114 ct
634 5060 728 5116 videns
741 5061 864 5117 ordinem
878 5074 1012 5131 vestrum,

226 5159 254 5205 et
279 5151 481 5208 llrtnamentum
510 5153 581 5223 ejus,
598 5169 657 5224 quae
684 5156 711 5208 in
741 5156 853 5211 Christo
875 5167 927 5223 est,
950 5158 1012 5212 ddei

227 5254 334 5300 vestrae.
350 5263 359 5296 ι
380 5243 524 5300 Habebam
538 5246 607 5300 hauc
626 5249 741 5317 gratiam
758 5248 883 5316 apostoli,
901 5259 930 5304 nt
950 5251 1013 5304 alibi

222 5335 317 5401 positi,
339 5336 405 5404 quid
435 5337 500 5392 alibi
526 5347 665 5408 ageretur.
693 5349 877 5405 agnoscerent
902 5358 909 5394 ι
943 5342 1015 5397 sicut

227 5427 316 5482 Elisaei
332 5428 444 5496 spiritns
461 5446 520 5485 cnut
545 5429 621 5486 Giezi
644 5430 697 5484 init
712 5432 739 5484 iu
756 5432 799 5485 sia
827 5430 881 5500 (lv
899 5433 964 5504 [ιιι.
986 5449 1012 5498 r,

226 5519 263 5574 25
279 5518 362 5591 seqq).
384 5519 521 5592 supplens
536 5521 561 5576 id
582 5522 653 5592 quod
678 5532 720 5577 est
737 5522 771 5577 de
786 5522 905 5578 utilitate
916 5533 1015 5580 restrae

228 5613 315 5668 dulei:
345 5613 386 5668 rel
415 5614 527 5685 impleo,
544 5593 629 5686 ‘qttod
658 5614 802 5686 prasentia
826 5614 941 5686 implere
959 5634 1013 5674 ιιοιι

227 5719 374 5775 ροιιιιιιι.’

266 5817 275 5849 ι
291 5798 442 5869 Sioutergo
455 5798 599 5869 accepistis
616 5799 854 5862 iesumCitustnm
868 5800 1013 5857 Dominum

232 5900 367 5956 nostrum,
388 5892 414 5946 in
442 5891 503 5961 ipso
520 5892 695 5949 ambulatet
728 5889 888 5964 Esctttplntu
915 5893 1013 5949 Christi

1066 4692 1172 4748 delicta.
1192 4709 1202 4741 ι
1219 4689 1377 4744 dulorendo
1390 4704 1489 4745 causas
1502 4689 1608 4754 mortis,
1622 4689 1649 4742 id
1666 4698 1718 4749 cst.
1735 4698 1853 4758 peccata.

1105 4803 1115 4836 ι
1135 4783 1232 4838 iioleus
1251 4782 1323 4854 qarod
1346 4782 1478 4837 adversus
1497 4796 1545 4835 uos
1563 4791 1623 4836 erat
1638 4782 1853 4852 chirographum

1066 4875 1180 4941 decreti,
1192 4877 1264 4946 qarod
1277 4883 1337 4930 erat
1349 4875 1519 4930 contrarium
1530 4875 1621 4928 nobis.
1634 4875 1667 4928 Et
1683 4874 1777 4944 ipsum
1793 4875 1854 4930 tulit

1067 4971 1101 5024 de
1130 4968 1231 5033 medio,
1250 4968 1363 5037 affigens
1389 4966 1455 5020 iliud
1477 4965 1589 5021 eruci.»
1623 4965 1853 5038 chirographum,

1068 5060 1241 5116 maledictum
1258 5059 1338 5130 Legis
1355 5069 1407 5115 est.
1423 5059 1500 5114 Untic
1512 5059 1574 5113 alihi
1593 5059 1631 5113 ait
1651 5071 1659 5112 t
1677 5059 1800 5115 Gloriatur
1813 5076 1855 5114 not

1068 5154 1221 5206 redemistis
1234 5151 1375 5206 ntuiedicto
1392 5151 1457 5220 lepis
1474 5150 1573 5221 (Galat.
1594 5167 1636 5215 tu,
1659 5151 1719 5219 ts),
1748 5154 1811 5222 qrtia
1831 5153 1854 5206 itt

1068 5260 1102 5299 co
1116 5246 1298 5300 continetur:
1329 5244 1488 5298 iiolediotus
1510 5244 1595 5297 onruis
1608 5244 1654 5310 otti
1670 5259 1721 5297 non
1739 5259 1857 5309 permar·

1069 5340 1172 5393 serilla
1189 5339 1256 5391 liiro
1272 5339 1349 5408 lepis,
1365 5348 1394 5391 ιιι
1407 5337 1492 5407 iaciat
1507 5352 1538 5391 ea
1557 5335 1638 5404 (ibid.
1652 5335 1710 5404 td).
1742 5337 1855 5403 Quidam

1070 5444 1135 5484 uero
1164 5429 1392 5500 chrirographum
1419 5429 1599 5491 «tacentem,
1628 5427 1708 5496 qnasi
1726 5429 1855 5498 scriptam

1069 5521 1217 5590 etiamdum
1256 5520 1326 5591 apud
1366 5520 1451 5574 ilnttm
1483 5519 1644 5574 memoriam
1670 5530 1856 5589 peecatorum.

1071 5614 1149 5670 Unde
1163 5613 1261 5683 ipsein
1277 5612 1392 5667 canticis
1403 5611 1469 5666 dicit
1488 5628 1496 5665 ι
1526 5609 1618 5667 Noniae
1631 5611 1687 5664 iuer
1700 5627 1856 5683 conprepntr

1070 5716 1129 5759 runt
1151 5705 1222 5773 opud
1240 5721 1290 5769 me,
1306 5714 1331 5758 et
1355 5706 1462 5775 sinuato
1487 5704 1514 5757 in
1533 5702 1665 5757 thesauris
1683 5707 1749 5760 meis
1764 5705 1853 5774 (iicet.

1071 5814 1156 5864 xtxu,
1183 5797 1247 5866 diii
1272 5798 1306 5853 Et
1332 5795 1465 5855 ieremias
1487 5800 1549 5855 ait:
1570 5798 1713 5854 Peccatum
1730 5797 1812 5854 iride
1827 5800 1852 5852 itt

1071 5908 1155 5961 tropus
1184 5891 1357 5947 odourttntiuo
1380 5891 1489 5961 (irrora.
1520 5909 1586 5960 stu,
1621 5893 1657 5965 ii.
1685 5893 1776 5950 Etiam
1802 5894 1855 5949 bec
