4109 6434
220 421 276 485 tta

626 431 812 495 EPISTULA
830 434 913 496 XIX.
934 435 983 496 DE
1003 436 1107 496 t'urts
1128 436 1441 498 cresbttctslonti.

1797 433 1849 496 tlt

222 541 285 592 rel:
302 538 381 592 modo
398 538 432 593 arl
456 555 518 595 eutn
543 558 646 614 sequax
664 561 740 600 tuens
765 549 851 606 amica
867 549 1010 607 voluntate
1025 555 1048 613 Α
1064 547 1153 618 ipsum
1164 562 1194 602 se
1208 546 1568 617 mirristrandumdiseipulis
1579 547 1764 602 nrirristraret:
1779 549 1851 613 quod

223 630 413 692 co'nrertsmr,
441 630 467 684 itt
493 632 552 686 solo
577 634 697 691 inverriet
707 637 903 705 plenitudinem
931 657 1011 708 quam

197 760 204 767 ,
224 717 349 781 guttatim
365 734 412 788 per·
422 720 544 789 singulos
556 725 709 794 colligebat.
724 727 828 784 Octavo
839 732 1011 788 diecircttm-

225 808 335 874 riditur,
350 828 364 865 a
383 823 470 868 matre
485 818 580 885 utique
595 821 672 888 quasi
702 823 783 879 bomo
798 826 843 892 qni
860 827 1013 897 promissus

226 897 317 957 iuerat
336 902 388 973 ipsi
405 905 534 972 librabat,
550 925 611 964 cum
626 913 659 966 de
671 915 883 972 circumcisione
898 918 1012 973 docere·

227 1003 281 1052 tur.
299 993 408 1050 dicente
422 998 556 1059 lietuino:
571 1003 666 1060 literis
681 1014 866 1064 tcttomentunt
882 1026 967 1066 ntsnnt
985 1012 1012 1064 in

225 1100 304 1138 csrtte
318 1096 404 1142 uestra
424 1093 452 1143 in
474 1102 627 1152 testamento
657 1110 756 1154 caterno
774 1101 848 1171 (Gen.
872 1119 939 1170 srtt,
968 1107 1011 1170 lb,

228 1177 283 1247 ll).
301 1180 346 1235 bei
364 1191 556 1242 testarrreotum
568 1189 596 1242 itr
610 1202 703 1247 nostra
716 1211 800 1250 carne
814 1213 883 1264 esse,
898 1199 1013 1256 lirttnino

225 1271 253 1324 in
274 1278 460 1334 nostracaroe
485 1280 626 1352 dignante,
644 1289 705 1356 quis
730 1290 860 1349 dubitat?
887 1292 1012 1364 illudque

225 1375 416 1424 testamentum
425 1384 556 1429 aeternnm
573 1378 668 1444 sideri,
685 1385 756 1452 quod
769 1386 883 1442 citlraris
895 1398 923 1444 et
940 1391 1011 1458 psal·

226 1458 300 1512 teriis
316 1463 489 1529 pstllcretur.
506 1468 591 1538 Cujus
620 1474 659 1528 rei
687 1478 817 1541 quoniam
842 1481 945 1549 pruritu
969 1494 1011 1538 est

223 1546 385 1618 disputatio,
410 1561 437 1608 et
451 1562 608 1614 necessaria
630 1562 737 1619 vitietur
754 1582 816 1622 esse
832 1573 1010 1637 transcursio,

223 1656 322 1710 seper
343 1661 481 1704 cantorum
508 1654 615 1723 copiam
634 1656 718 1712 robur
747 1660 833 1731 ipsum
865 1666 1011 1733 propositae

224 1736 345 1789 materia
370 1738 574 1810 rlercliuquens,
599 1749 761 1821 incastigata
787 1767 860 1811 erret
885 1758 1010 1818 eiirrsio:

223 1830 373 1891 prasertim
388 1847 449 1888 cum
466 1836 678 1898 ntibidillicilius
690 1845 726 1898 sit
744 1856 870 1902 naturam
889 1849 948 1915 ejus
961 1852 1011 1905 iur-

1066 639 1187 704 apertius
1206 640 1378 708 postmodum
1396 638 1481 691 inilia
1500 639 1630 709 unguenti
1654 639 1788 694 cllrtsiono
1804 655 1852 706 pa·

1066 729 1170 793 traiecit,
1186 731 1326 786 dicendo:
1353 729 1395 784 tte
1418 740 1507 786 orrtern
1533 748 1584 787 nott
1604 747 1704 797 seraper
1727 731 1853 786 dolebitis

1066 822 1175 892 (Morti.
1195 839 1269 887 ιιιι.
1291 826 1350 894 ll).
1365 826 1498 882 irascitur
1514 840 1580 897 ergo
1600 840 1662 881 cunt
1687 840 1750 879 enm
1767 826 1852 894 magi·

1066 926 1152 969 strum
1169 917 1225 970 rita
1240 917 1363 971 docenda
1389 934 1445 972 nott
1469 919 1562 988 eligat,
1579 922 1625 990 qni
1650 937 1710 977 earn
1737 931 1851 977 matrem

1065 1021 1115 1074 per
1131 1008 1262 1077 uirginem
1282 1010 1476 1079 parturiendus
1491 1011 1584 1081 elegit,
1607 1019 1634 1066 ct
1657 1027 1707 1065 cnr
1730 1017 1763 1067 ad
1789 1029 1851 1068 eum

1064 1113 1144 1166 rprrern
1157 1100 1279 1154 extr-anei
1292 1101 1373 1154 etiarn
1389 1108 1443 1156 iam
1453 1101 1532 1158 iaclle
1546 1104 1719 1171 interpellare
1732 1114 1852 1174 possem,

1067 1200 1154 1245 rttater
1174 1190 1256 1245 nollet
1287 1192 1390 1246 intrare
1409 1209 1417 1248 :
1435 1207 1497 1247 nam
1529 1194 1630 1248 iratres
1655 1194 1714 1262 ejus
1736 1192 1852 1247 necdum

1065 1282 1214 1338 credebant
1229 1283 1255 1336 itt
1269 1285 1368 1353 ipetrru.
1388 1285 1456 1352 Quis
1479 1286 1525 1341 bic
1540 1286 1604 1350 erit,
1618 1301 1694 1355 rogo,
1708 1288 1753 1357 qni
1768 1303 1852 1342 escu-

1065 1375 1343 1443 sationentpraeierat
1355 1387 1402 1430 aut
1419 1378 1524 1446 gratias,
1540 1389 1586 1431 aut
1599 1380 1704 1432 autori?
1719 1381 1740 1433 si
1755 1389 1780 1432 et
1796 1378 1852 1433 bla-

1065 1463 1132 1516 riam
1149 1465 1248 1520 turrito
1277 1465 1350 1519 nulla
1375 1467 1515 1534 uincit,ct
1544 1470 1684 1524 Cirristum
1707 1469 1850 1525 bominum

1064 1566 1188 1610 nostrum
1203 1572 1283 1610 nemo
1296 1569 1406 1628 superat
1419 1559 1529 1628 pietate.
1547 1560 1593 1615 illa
1609 1571 1695 1615 ntater
1709 1563 1780 1616 enim
1805 1577 1855 1615 ne·

1062 1661 1144 1720 gatus
1165 1667 1179 1706 a
1198 1652 1279 1716 Filio,
1301 1664 1331 1710 ut
1348 1668 1415 1710 tera
1432 1656 1477 1711 iila
1492 1653 1549 1728 [dl.
1569 1657 1663 1729 etiarn]
1680 1658 1851 1713 circumcisio

1063 1742 1193 1797 doccatur
1209 1762 1216 1798 ε
1231 1748 1358 1814 quoniam
1376 1749 1503 1818 magister
1520 1760 1547 1805 et
1564 1766 1664 1820 parcns
1679 1752 1740 1803 citat
1755 1749 1851 1803 debuit

1066 1833 1166 1893 virere.
1184 1845 1265 1903 prottt
1289 1837 1405 1893 docebat
1426 1852 1487 1892 esse
1504 1839 1660 1893 riccardum.
1684 1836 1732 1892 llic
1748 1846 1788 1891 est
1806 1837 1850 1890 ills

221 1919 305 1985 plere,
321 1939 402 1990 qnam
423 1940 556 1996 quaerero,
573 1943 600 1987 er
619 1935 685 1989 garis
704 1938 870 2007 sqpequqm
889 1959 1007 1999 pumen.
1026 1926 1166 1997 ligladius
1183 1929 1335 1993 femoralis,
1359 1947 1413 2000 quo
1430 1931 1530 1986 Levitae
1557 1948 1622 1988 utros
1637 1932 1806 2001 propinquos
1820 1940 1849 1985 et

222 2014 294 2068 tibus
307 2016 430 2075 bracbiis
442 2021 583 2093 laborare,
594 2042 753 2096 quanquam
764 2032 850 2101 ipsam
865 2037 1005 2090 stratorium

224 2109 329 2175 gracile
351 2128 404 2166 nort
429 2125 566 2172 sustentet
589 2119 725 2189 ingenium
742 2142 751 2184 ;
766 2137 793 2181 ιι
821 2131 1006 2184 necessarium

222 2216 290 2265 perte
303 2203 349 2268 sit,
368 2218 396 2257 ut
413 2216 439 2260 et
453 2209 687 2276 disputationibus
702 2217 841 2289 aliquibus
858 2223 1006 2278 circumci-

219 2294 325 2361 dantur,
346 2298 409 2350 dum
426 2299 460 2354 de
482 2303 691 2364 circumcisione
717 2320 878 2379 tractamus,
898 2319 1007 2383 quando

219 2390 296 2444 nobis
311 2392 345 2444 ad
367 2399 549 2454 excusandam
573 2403 655 2458 etiam
685 2407 847 2475 imperitiam
873 2422 1006 2476 nostram,

218 2486 448 2550 opportunitatem
468 2494 588 2549 ntateriae
602 2495 690 2565 ipsius
712 2511 820 2568 praestet
844 2508 1005 2562 auctoritas.

254 2574 324 2632 itit.
340 2576 424 2648 igitur
437 2583 470 2637 ad
484 2588 650 2655 propositum
669 2593 825 2659 redeuntes,
854 2597 1006 2669 interroge-

221 2682 279 2722 mus
293 2667 379 2738 ipsnm
404 2673 543 2732 bominem
570 2696 649 2735 suum
666 2699 748 2738 :uam
774 2686 809 2742 de
834 2689 950 2746 licutino
967 2695 1006 2749 lo·

218 2759 381 2826 qucbamur,
399 2764 465 2833 ipso
480 2768 525 2834 qui
553 2781 613 2824 erat
638 2771 665 2826 in
693 2773 804 2831 bomine
829 2779 1005 2848 circumciso,

219 2865 279 2904 cnm
303 2851 360 2920 iarn
376 2861 526 2915 secundum
542 2863 628 2932 legent
644 2866 824 2927 circumcisos
848 2872 1004 2940 lrtbnrctnr,

219 2943 357 2999 elarnatnt
373 2951 538 3018 evangelista
558 2965 699 3014 testatur:
723 2959 818 3031 Vulpes
840 2964 928 3033 [utens
956 2968 1005 3021 ltu·

219 3035 278 3089 ient
290 3046 315 3091 et
332 3040 447 3097 uolucres
473 3045 534 3099 coelt’
553 3050 629 3104 nidus
653 3068 727 3117 snos,
744 3055 790 3108 nbi
813 3058 1005 3126 requiescunt:

219 3126 308 3184 Filius
332 3144 419 3188 nutent
452 3133 567 3192 leontinis
587 3158 640 3197 nort
662 3145 739 3200 dubet
756 3150 801 3202 nbi
822 3163 902 3221 copul
927 3171 1004 3208 sunm

218 3223 325 3278 reclinet
341 3224 450 3296 (diutili.
467 3245 528 3292 ιιιιι.
541 3231 599 3301 2⁰).
622 3234 697 3304 liogo
716 3241 758 3294 ltic
774 3242 819 3297 ubi
838 3246 888 3298 snb
903 3245 1004 3317 Cyrino
1020 3273 1044 3335 C

218 3329 317 3374 census
334 3320 527 3392 irtrestigatiol
544 3328 588 3382 ubi
605 3331 724 3387 edictum
745 3336 886 3392 Caesrtrisl
902 3339 945 3392 ubi
957 3355 1005 3394 ne·

217 3410 330 3466 cessitas
358 3416 524 3480 prodiendil
554 3423 599 3476 ubi
629 3421 733 3492 losepb
767 3428 824 3499 ipsa
852 3430 1007 3496 professio?

215 3499 291 3556 Nora
306 3506 377 3559 ratio
391 3506 447 3563 illic
469 3509 551 3566 babet
580 3515 647 3568 tritril
665 3518 737 3584 rqttod
755 3519 911 3588 descriptor
927 3525 1006 3580 inve·

216 3597 286 3659 niat,
301 3607 329 3652 et
344 3615 418 3656 rere.
437 3599 516 3658 Nulla
530 3606 602 3660 enim
622 3608 765 3666 [lozuinum
779 3615 878 3669 saeculo
898 3619 1003 3674 manci·

215 3695 277 3756 pata
294 3688 439 3759 delectam,
469 3711 518 3751 nec
542 3700 595 3752 sibi
622 3712 735 3772 usurpat
765 3708 913 3776 quidquam
932 3712 1004 3781 quod

214 3784 255 3834 vel
267 3783 379 3848 Catari,
395 3786 438 3841 vel
454 3791 553 3845 mundo
566 3795 650 3849 soluit
665 3811 725 3851 csse
739 3801 874 3867 captivum
888 3803 1006 3860 :docens

214 3875 318 3930 nullom
333 3876 442 3936 duobus
454 3881 571 3939 dominis
589 3901 670 3955 posse
687 3890 800 3946 servire.
823 3892 1005 3951 Circumcidi-

213 3975 333 4040 turergo
347 3972 619 4046 traerettirateiusepit
633 3990 660 4035 et
677 3981 761 4037 llario
781 4000 789 4041 t
811 3985 934 4056 nihilque
951 3987 1004 4042 sibi

212 4062 247 4116 de
268 4065 452 4122 mundialibus
481 4070 598 4127 uindicat
623 4076 675 4128 snit
698 4075 812 4141 tributo.
836 4080 882 4148 qui
908 4090 1004 4150 utrque

212 4157 254 4209 eis
277 4158 383 4213 dixerat
408 4177 415 4215 ι
439 4160 554 4218 b'etcirit
568 4168 630 4234 quiet
653 4178 757 4237 opertet
783 4187 823 4224 nte
842 4174 869 4227 in
887 4175 1004 4242 paternis

213 4247 276 4299 meis
291 4246 348 4302 eise
366 4249 442 4313 [Luc.
457 4270 487 4318 ιι,
505 4257 550 4322 lb)
564 4257 575 4309 ‘i
591 4257 696 4313 scillcet
712 4260 737 4313 io
760 4263 871 4331 templo,
898 4280 951 4319 non
975 4265 1001 4319 in

212 4339 312 4393 ιιιιιιιο
327 4358 335 4396 :
350 4340 375 4393 in
393 4343 588 4399 sacrificiorum
618 4349 767 4418 raynerio,
792 4367 846 4405 nou
872 4352 898 4408 io
923 4355 1002 4408 maii-

211 4428 495 4498 guanttnrncunctiim
515 4434 541 4488 irt
559 4437 678 4504 paternis
692 4439 785 4506 utique
799 4440 1002 4512 spiritualibua;

212 4535 274 4573 uam
291 4529 396 4589 patrem
412 4523 440 4577 in
453 4526 606 4581 carrtalibus
618 4543 670 4583 nou
688 4529 819 4587 babebat.
840 4533 958 4603 lienique
969 4536 1002 4593 de

1060 2021 1196 2087 prosimos
1213 2023 1395 2077 occiderunt:
1413 2039 1467 2092 quo
1491 2024 1573 2079 etiam
1592 2023 1723 2078 Durttinus
1752 2024 1807 2092 ipse
1830 2039 1844 2075 a

1059 2112 1139 2165 Patre
1167 2114 1278 2181 jubetur
1301 2116 1403 2185 accingi
1424 2132 1521 2186 :quem
1541 2133 1637 2173 omncs
1656 2119 1769 2186 capiunt
1801 2118 1846 2182 qni

1058 2205 1163 2271 seipsos
1190 2216 1379 2262 castraverunt
1406 2221 1516 2277 propter
1545 2227 1657 2278 rcgnrmt
1682 2211 1811 2265 coelotnrn
1834 2225 1842 2264 :

1059 2311 1138 2364 quem
1156 2297 1273 2366 gluttiunt
1301 2297 1433 2354 Dominus
1448 2301 1531 2355 nrittit
1548 2303 1574 2354 iu
1597 2312 1695 2366 terras,
1711 2312 1739 2356 ut
1760 2301 1846 2356 illium

1059 2401 1191 2458 serrat-eta
1205 2402 1293 2459 patre,
1307 2391 1388 2446 lilium
1402 2407 1417 2447 a
1438 2402 1524 2447 matre
1541 2409 1602 2458 sna,
1623 2411 1723 2448 nurum
1737 2410 1751 2447 a
1766 2409 1847 2450 socru

1058 2497 1117 2536 suo.
1134 2481 1190 2536 lluc
1217 2483 1306 2554 gladio
1341 2485 1423 2539 etiarn
1451 2486 1547 2540 boatus
1566 2489 1664 2540 l‘arrlns
1691 2486 1841 2542 Ecclesiam

1057 2577 1240 2639 circumcidit,
1258 2577 1352 2631 dicent
1369 2595 1376 2631 ε
1393 2576 1532 2645 Reliquum
1555 2590 1606 2644 esi,
1624 2588 1652 2632 tri
1679 2582 1725 2650 qni
1748 2582 1847 2634 liuberti

1058 2685 1165 2733 scores,
1180 2678 1308 2740 tunquam
1328 2689 1380 2725 nott
1394 2671 1518 2726 trubeuret
1533 2674 1585 2726 siut
1601 2689 1610 2726 :
1629 2682 1654 2726 et
1679 2673 1725 2742 qui
1745 2685 1846 2740 emunt,

1059 2774 1184 2834 tnttqrrunt
1203 2782 1255 2818 nort
1272 2765 1432 2831 possidentes
1461 2767 1578 2821 siniret
1605 2769 1649 2836 qni
1671 2776 1784 2821 utnrttrtr
1800 2768 1848 2823 ltoc

1057 2854 1166 2920 mrtttdo,
1196 2864 1323 2924 tunquam
1347 2873 1397 2909 nott
1418 2868 1531 2911 niontur
1546 2857 1572 2925 (1
1590 2858 1652 2912 Cur.
1672 2874 1719 2923 ιιι,
1733 2859 1778 2922 29,
1803 2859 1848 2924 δι’,

1057 2949 1114 3014 ὄιι.
1130 2948 1178 3001 llic
1196 2948 1279 3004 totius
1293 2950 1404 3021 justitiae
1420 2952 1516 3013 rinus,
1533 2954 1577 3006 iric
1593 2953 1715 3005 ratioest
1732 2952 1849 3006 circum-

1058 3041 1113 3093 cisa
1127 3041 1200 3094 omni
1211 3057 1303 3106 carue,
1319 3040 1345 3096 td
1358 3053 1412 3103 est,
1431 3053 1584 3111 parcorum,
1602 3044 1729 3106 fratrum,
1745 3059 1846 3113 cogna-

1059 3135 1174 3200 tionum,
1193 3134 1367 3196 affinitatum.
1395 3135 1497 3190 trullum
1512 3137 1629 3204 atriplins
1653 3152 1745 3191 ornare
1760 3152 1843 3207 quam

1062 3227 1205 3281 llontinunt
1219 3244 1228 3285 ι
1244 3238 1273 3282 ιιι
1292 3230 1325 3283 ad
1344 3230 1438 3285 crucis
1452 3231 1599 3301 imaginent
1616 3231 1662 3284 bei
1681 3230 1774 3293 uerbo,
1793 3245 1846 3285 rton

1060 3321 1093 3372 ad
1105 3321 1209 3389 aliquos
1229 3322 1320 3375 rotrodi
1338 3332 1428 3387 actus,
1457 3338 1617 3378 morrcamnr
1636 3322 1707 3376 allisi
1731 3330 1845 3405 ntatrem

1059 3414 1254 3468 commendare
1272 3413 1416 3483 discipulo.

1095 3503 1154 3558 itt.
1168 3503 1222 3559 lies
1236 3505 1356 3575 loquitur
1372 3507 1442 3575 ipsa,
1457 3523 1507 3562 eur
1526 3508 1571 3561 illa
1585 3523 1649 3579 pars
1665 3509 1789 3579 corporis
1800 3525 1847 3580 per

1058 3613 1139 3667 quant
1152 3596 1299 3654 Judaeussc
1315 3599 1600 3670 autumatjustillcari,
1612 3601 1753 3657 riolectinni
1769 3601 1845 3670 adju·

1059 3689 1149 3742 dir-ata
1165 3688 1291 3743 rideatur
1304 3706 1312 3746 :
1327 3691 1394 3745 adco
1408 3701 1437 3745 ut
1463 3692 1602 3748 difficilius
1628 3693 1706 3748 inerit
1735 3693 1844 3747 modum

1057 3780 1215 3835 adhibuisse
1224 3781 1356 3848 sermoni,
1368 3797 1449 3850 quam
1465 3795 1623 3852 argumenta
1637 3785 1782 3852 requisisse
1799 3793 1846 3842 :et

1057 3874 1127 3928 banc
1137 3888 1228 3928 reram
1244 3889 1304 3929 esse
1318 3876 1568 3940 circumcisionem,
1579 3876 1601 3930 si
1616 3877 1840 3933 abrenuntiantes

1057 3965 1169 4029 muodo,
1181 3979 1216 4020 es
1233 3965 1371 4034 qnolotta
1385 3981 1496 4019 carnem
1519 3977 1611 4020 nostra
1632 3975 1730 4021 natura
1745 3976 1799 4033 esi,
1818 3979 1844 4023 et

1057 4056 1227 4126 pareatibus,
1243 4066 1271 4110 ei
1287 4072 1349 4127 qnae
1360 4056 1420 4111 fidei
1435 4058 1595 4112 scandalum
1612 4057 1714 4113 iaciunt
1727 4059 1844 4114 circum-

1056 4149 1130 4211 cisis,
1146 4150 1225 4204 oculo
1242 4149 1448 4204 etiamettnaou
1460 4160 1486 4204 et
1498 4151 1577 4220 pede,
1595 4150 1698 4205 audiet
1715 4151 1777 4215 soli,
1792 4150 1841 4206 de-

1057 4241 1232 4305 bilesotiam,
1251 4241 1274 4295 si
1302 4242 1360 4296 lieri
1388 4250 1488 4310 potest,
1517 4242 1663 4297 Dominum
1693 4251 1842 4306 sectemur,

1056 4343 1198 4389 cantantes
1217 4349 1279 4389 scre
1296 4350 1304 4391 ι
1318 4335 1450 4400 Quoniam
1469 4341 1544 4402 puter
1559 4351 1631 4388 taras
1645 4342 1670 4389 ci
1683 4344 1767 4388 maier
1788 4351 1845 4388 ntea

1055 4427 1249 4497 dereliquerunt
1265 4443 1306 4480 nte
1316 4425 1401 4497 (Ptol.
1421 4441 1493 4490 nst,
1513 4425 1574 4491 t0);
1589 4433 1647 4481 ula
1667 4426 1779 4481 Domino
1790 4443 1846 4481 mc-

1056 4534 1165 4574 reamur
1184 4518 1296 4583 assumi,
1309 4528 1336 4571 et
1351 4532 1480 4585 corporea
1491 4516 1623 4572 denudati
1638 4528 1746 4580 natura,
1763 4518 1843 4583 spiri·

210 4614 464 4684 0020...piqetovpg
479 4618 1001 4688 apegpqeqp0q05‚pqmensaanqmffl,
1019 4616 1041 4670 [ι
1057 4613 1149 4666 talium
1173 4611 1340 4666 indumentis
1367 4624 1477 4665 actuum
1507 4611 1654 4681 gloriosius
1679 4611 1843 4672 uestinum,

210 4707 355 4766 lariorum.
372 4716 399 4762 et
413 4709 558 4765 catltedras
573 4714 749 4768 vendentium
762 4714 902 4772 columbas
918 4733 1000 4773 ever·

210 4801 244 4855 tit
256 4798 366 4870 (ΙΙιιιιιι.
383 4817 439 4865 stt,
450 4801 505 4869 li).
518 4802 564 4859 Sic
579 4805 707 4874 ternplum
721 4807 802 4860 etiam
817 4807 916 4876 ipsum,
929 4811 1006 4881 qrrorl

211 4891 298 4963 bgura
311 4903 354 4949 est
369 4894 492 4964 corporis
510 4897 563 4961 sui,
582 4897 685 4952 carnali
709 4898 931 4968 concupiscentia
945 4900 999 4955 cir-

208 4984 350 5051 cumcidit,
369 4995 399 5039 ut
427 4987 589 5056 intelligeret
612 4990 704 5055 bomo,
732 4993 789 5046 ltaec
815 4994 866 5046 sibi
896 4993 924 5047 itt
948 5009 998 5048 sua

210 5085 301 5130 mente
315 5091 376 5130 esse
393 5074 515 5131 iacienda
536 5093 605 5133 :uec
622 5095 689 5135 sane
704 5081 765 5135 suis
787 5083 875 5150 parcit
891 5083 1000 5137 aucun·

209 5168 358 5224 bustoam
383 5184 444 5222 euru
472 5168 591 5238 gladium
611 5188 666 5242 quo
692 5173 760 5227 alios
784 5174 1001 5230 circumcidebat

209 5261 332 5315 ‹locendo
349 5277 357 5316 ·.
373 5258 402 5313 Si
413 5261 471 5331 quis
484 5263 613 5315 amoverit
628 5273 730 5343 putrent
744 5273 768 5318 ci
786 5276 897 5319 matrem
916 5283 998 5331 sopra

209 5367 260 5414 stre,
272 5367 324 5406 nott
340 5361 377 5405 cti
395 5367 436 5406 nte
448 5352 543 5424 dignus
561 5353 672 5426 (llattlt.
691 5371 717 5416 s.
741 5359 799 5424 57),
819 5373 867 5413 sta
883 5371 999 5411 corruer-

210 5442 244 5496 rit
260 5442 287 5497 iu
304 5445 423 5506 viscera,
440 5455 467 5497 et
492 5444 545 5497 stat
570 5446 620 5515 ipsi
647 5448 713 5500 sttcit
727 5452 798 5516 quo-l
822 5451 999 5505 credentibus

208 5546 252 5590 cst
266 5536 389 5591 facturus
405 5555 464 5592 cum
480 5539 546 5593 dicii
562 5559 569 5595 ε
590 5541 657 5605 eroe
672 5553 710 5594 est
726 5558 811 5595 morer
828 5560 897 5600 nten.
913 5555 937 5597 ct
952 5547 998 5614 qni

207 5635 269 5681 ssni
284 5627 383 5692 fratres
408 5632 458 5684 ruci
469 5630 577 5701 (Multis.
607 5649 656 5696 ιιι,
688 5633 758 5695 llll?
774 5634 796 5690 0
814 5638 974 5707 mysterium
989 5639 995 5692 l

207 5729 324 5777 mairem
339 5719 453 5776 blaritm
470 5723 520 5778 sibi
549 5726 678 5780 borninus
694 5727 812 5797 abjurat,
834 5745 895 5782 cum
920 5740 996 5784 ostra

207 5813 281 5866 ceriti
300 5823 375 5868 essct
394 5815 559 5870 audientiam
574 5822 734 5880 constituta.
763 5837 795 5876 co
824 5822 997 5888 {tutissimum

209 5915 341 5967 tsttrpore.
368 5922 421 5969 uuo
447 5910 559 5970 terbum
588 5912 781 5972 eradicaretur
809 5930 825 5970 a
857 5914 955 5978 ternu.
972 5926 999 5972 ct

1055 4704 1173 4759 scierttes
1185 4705 1313 4772 quoniam
1325 4702 1396 4775 quod
1403 4705 1436 4758 de
1447 4719 1531 4758 carue
1545 4703 1678 4768 irascitur,
1694 4718 1759 4758 caro
1775 4715 1816 4758 cst
1833 4723 1839 4757 :

1053 4805 1080 4849 et
1096 4797 1167 4862 cruori
1182 4797 1214 4849 de
1231 4795 1338 4864 spiritu,
1353 4794 1467 4863 spiritus
1482 4805 1521 4849 est
1535 4812 1544 4860 ;
1558 4795 1666 4850 dicente
1694 4794 1841 4864 Apostolo:

1056 4889 1090 4944 Et
1106 4890 1129 4942 si
1145 4891 1311 4958 cognocimus
1334 4889 1470 4949 Cirristnnt
1496 4889 1641 4943 secarttlnm
1656 4905 1771 4951 coartent,
1797 4905 1842 4943 tre·

1054 5001 1112 5036 rrtm
1122 4986 1180 5053 jun
1200 5001 1252 5037 non
1266 4984 1386 5036 nouimus
1404 4982 1446 5054 (ti
1472 4983 1534 5037 Cor.
1553 5000 1578 5049 rr,
1599 4983 1642 5054 ts)
1659 4984 1706 5048 ;itt
1724 5000 1775 5051 quc
1792 5000 1843 5036 non

1055 5082 1182 5141 nouimus,
1210 5078 1300 5144 inquo
1333 5074 1407 5129 nulrit
1425 5078 1539 5130 mundns
1569 5077 1712 5145 crucifixus
1742 5087 1792 5139 est,
1816 5087 1842 5128 et

1055 5185 1102 5221 nos
1118 5171 1214 5221 arundo
1228 5169 1330 5238 (Gaulos.
1344 5184 1383 5233 ιι,
1401 5168 1444 5240 ll)
1462 5185 1469 5224 ε
1487 5181 1516 5222 ιιι
1537 5169 1761 5238 proponisque
1779 5177 1842 5219 snut

1053 5261 1079 5314 iu
1099 5262 1243 5331 superlicio
1260 5262 1485 5325 conuersationis,
1511 5261 1637 5326 abscisis,
1654 5261 1757 5314 nudum
1775 5256 1840 5313 illrrtl

1051 5364 1078 5408 ot
1096 5353 1181 5408 solunt
1195 5363 1294 5408 nostrae
1322 5355 1505 5423 generationis
1533 5363 1684 5415 secretum,
1708 5353 1781 5420 quod
1796 5367 1841 5404 sn-

1054 5447 1163 5517 perbuis
1188 5448 1340 5518 tegebatur,
1357 5458 1497 5517 appareat.
1521 5444 1552 5500 Si
1577 5445 1645 5499 errius
1661 5443 1760 5514 [oennrn
1773 5447 1842 5514 quod

1053 5542 1130 5594 ltorlr's
1157 5550 1207 5604 cst,
1235 5549 1259 5594 cl
1283 5557 1344 5593 crus
1370 5541 1397 5593 in
1412 5540 1546 5593 clibanum
1567 5539 1692 5600 tnittiiur,
1712 5538 1782 5592 Deus
1803 5539 1842 5592 sic

1053 5635 1136 5697 restit,
1147 5642 1243 5704 qutrttto
1260 5636 1343 5703 iungit
1357 5649 1403 5686 nos
1417 5633 1523 5702 (Martii.
1540 5646 1576 5696 ιι,
1590 5631 1647 5698 50),
1656 5632 1678 5685 si
1689 5630 1740 5684 nde
1753 5632 1841 5683 modi·

1051 5744 1098 5783 cos
1122 5743 1174 5780 non
1195 5723 1441 5794 cssepratridcritl
1473 5722 1590 5778 Cultcllo
1617 5724 1707 5791 itaque
1735 5724 1841 5792 petrino

1052 5819 1176 5887 corporis
1201 5819 1287 5871 trostri
1315 5814 1535 5871 circumcidenda
1559 5827 1602 5870 cst
1620 5826 1715 5869 tratura
1738 5814 1839 5869 :Petra

1052 5927 1142 5971 trucem
1168 5911 1294 5966 Cirtistus
1311 5907 1459 5978 ectscujrs
1474 5908 1599 5965 cultellus
1624 5923 1767 5976 timescat,
1786 5926 1840 5980 quo
