4109 6434
235 457 300 522 tta·

700 472 732 537 S.
751 474 971 542 blbnbtltbt
990 483 1152 550 orabunt
1172 488 1372 552 bibbtssb

1818 492 1874 557 'itt

278 590 287 622 a
308 569 386 629 Alius
404 585 494 632 obtem
508 579 721 649 superaediiicat.
744 603 753 636 r
778 587 854 648 Alius
870 593 965 650 decbr
984 593 1025 650 in·
1041 602 1063 660 Α
1079 600 1135 667 pto,
1151 602 1380 670 perdet-laborem
1394 615 1485 668 suunt,
1498 600 1564 673 quia
1579 615 1648 672 opos
1661 603 1769 659 aridum
1794 603 1874 661 inlr·

237 658 327 716 stituit
346 680 426 734 supra
444 667 537 738 iidem,
554 688 636 741 quarn
653 689 703 745 ego
719 675 842 735 fundavi.

273 772 282 804 ι
306 754 497 829 Unusquisque
511 773 603 820 autem
617 766 709 822 videat
722 777 861 838 quomodo
877 779 1023 844 superaedi-

234 844 307 900 dcot.
328 848 491 908 »Sollicitus
502 871 583 926 quatro
605 856 683 916 iortia
696 870 723 916 et
744 873 815 922 recta
832 868 965 936 parietum
981 872 1021 927 la·

235 949 291 991 tera
310 955 488 1013 consurgant.

273 1073 283 1106 r
303 1055 519 1117 Fundamentum
539 1064 612 1120 enim
623 1066 704 1124 aliud
719 1084 799 1127 nemo
814 1082 903 1144 potest
922 1091 1022 1149 ponere

234 1155 332 1213 praeter
354 1149 379 1201 id
405 1154 476 1219 quod
507 1157 623 1222 posituro
653 1169 707 1222 est,
730 1165 803 1228 gatoti
828 1174 870 1219 est
895 1165 1021 1225 Christos

231 1234 320 1291 irasus.
342 1258 352 1293 r
373 1238 431 1295 Non
445 1254 487 1296 ost
507 1244 577 1299 alius
596 1247 733 1312 Christos,
748 1269 828 1318 nuent
845 1258 930 1322 possit
943 1260 1021 1317 tobit

232 1330 329 1397 alionis
345 1336 503 1403 praui-ore.
520 1348 617 1407 praeter
635 1339 727 1396 iesum
739 1345 782 1398 cui
797 1345 850 1401 lide
864 1348 1020 1404 lirnrissirna

231 1423 397 1481 credidistis.
427 1426 484 1482 lioe
511 1430 599 1484 solum
617 1432 715 1501 agitur,
744 1449 779 1491 oe
805 1439 1019 1507 perductorum

233 1517 426 1586 negligentiam
444 1523 555 1578 obnoxii
572 1524 709 1595 incipiaris
730 1542 791 1582 esse
807 1531 948 1600 gelrennae.

272 1650 282 1684 r
302 1631 330 1687 Si
346 1635 408 1704 orris
426 1644 516 1701 atatem
535 1639 735 1708 srrperauibmt
758 1658 839 1711 supra
862 1644 1021 1701 ibridanrett·

232 1733 286 1778 tmo
303 1724 365 1781 lroc.
392 1726 548 1797 »Ejusdem
576 1731 710 1795 artisest,
736 1734 782 1803 qui
812 1737 1021 1809 superaedificat,

233 1815 297 1869 licet
323 1816 413 1873 minor
436 1818 470 1874 sir
485 1819 512 1888 io
531 1835 624 1890 opere,
645 1823 723 1892 cujus
749 1824 856 1889 libem.
872 1829 917 1895 qul
932 1829 1022 1902 poenit

232 1905 449 1970 tnmlnrneutom.
466 1909 525 1966 Non
551 1927 616 1983 ergo
633 1913 820 1984 uorrsqnisuue
841 1916 922 1972 bomo
940 1934 1022 1990 anper

234 2005 314 2056 ortem
333 2017 409 2056 suam
425 2004 551 2067 aeditleat,
567 2004 615 2060 sed
628 2006 743 2081 quilibet
757 2006 854 2065 doctor
871 2025 879 2068 a
896 2011 960 2081 quia
971 2026 1022 2068 neo

234 2092 352 2158 parietes
366 2109 414 2163 per
428 2111 458 2151 se
474 2094 621 2165 aliquando
637 2107 751 2166 possunt
762 2100 840 2172 erigi,
855 2101 908 2157 nisi
920 2102 1022 2165 inerint

232 2183 265 2237 ab
285 2197 428 2255 operatore
453 2191 614 2247 constructi.
644 2189 710 2246 itenr
743 2192 788 2247 iric
814 2194 961 2264 magistros
993 2205 1022 2250 et

231 2275 358 2331 doctores
385 2278 522 2347 signifieat
546 2295 629 2351 snper
652 2281 857 2340 inrrdameotum
883 2285 1021 2356 (quodest

232 2365 368 2439 cbristus)
396 2371 520 2427 iroroines
539 2384 612 2428 recte
636 2374 790 2442 instituere,
809 2379 851 2433 rel
880 2394 974 2448 prate,
991 2379 1020 2434 in

232 2458 331 2527 anibus
344 2463 535 2532 rrragistrorum
549 2464 671 2528 doctrina
687 2465 714 2520 in
738 2466 781 2521 die
794 2467 890 2540 judieii
910 2471 937 2523 in
958 2470 1020 2539 igne

232 2551 406 2613 revelabitur,
425 2553 470 2609 arbi
496 2556 668 2624 consumptis
690 2557 882 2624 peecatoribus
912 2560 1019 2629 probuti

233 2642 391 2697 manebunt.
409 2643 540 2705 licetores
559 2655 650 2700 autern
671 2662 753 2718 snper
773 2649 826 2711 liis,
841 2650 886 2720 qui
913 2651 1018 2720 probuti

233 2732 356 2801 luerunt,
374 2738 530 2791 rocreedent
544 2740 729 2793 retributionis
755 2742 910 2810 accipient:
925 2743 1019 2799 inillis

230 2840 297 2881 vero
313 2842 381 2895 quos
398 2827 468 2897 ignis
483 2830 583 2894 exurit,
601 2832 700 2884 tlarnrro
720 2832 869 2889 ariliclentur
887 2835 973 2905 :nula
992 2837 1018 2891 in

231 2933 347 2973 raorrum
364 2921 568 2976 laboraverunt.
589 2923 669 2977 iidem
687 2935 778 2980 alitem
796 2929 917 2996 rrrngistri
934 2931 959 2983 io
974 2928 1019 2996 ju·

228 3007 331 3066 dicium
347 3011 498 3077 venientes,
515 3013 582 3066 salvi
609 3012 684 3079 lietb,
708 3015 730 3069 si
760 3030 849 3070 rarrreo
869 3017 921 3087 ipsi
936 3033 1018 3072 eausa

228 3115 282 3159 bon
297 3101 396 3166 inerim
415 3103 595 3173 perditorum.
614 3103 692 3175 erod
713 3118 802 3160 autem
821 3109 860 3162 ait
874 3125 881 3164 :
894 3107 922 3164 Si
941 3110 1018 3178 rrrjrrs

225 3207 296 3262 opus
310 3196 420 3261 arserit,
437 3196 536 3251 darrrno
557 3197 671 3255 allectus
686 3199 761 3254 erit:
777 3215 831 3254 noo
844 3200 888 3256 irie
900 3201 942 3272 (ut
955 3200 1019 3270 uui·

227 3283 288 3339 darn
303 3284 408 3354 pariant)
436 3285 547 3358 irrigue
571 3287 687 3342 ssarrnnae
714 3303 812 3342 arsura
829 3299 894 3344 sunt
922 3306 1016 3362 opera,

226 3377 273 3430 scd
294 3370 431 3443 homines,
458 3379 502 3446 qui
523 3379 558 3432 ita
576 3380 682 3448 operati
710 3384 837 3444 errarunt
864 3393 1019 3438 rrrereantur

228 3465 354 3526 incendio
370 3469 506 3537 deputari.
523 3466 551 3524 st
564 3479 654 3526 autem
675 3484 770 3542 opera,
785 3471 811 3527 id
829 3481 870 3528 est
885 3474 1013 3543 criorioa,

231 3558 389 3627 punientur,
408 3561 485 3620 talto
508 3576 541 3618 eo
557 3562 603 3631 qrri
628 3572 843 3636 perpetraverat,
860 3581 913 3621 non
927 3567 980 3622 erit
994 3567 1019 3623 ei

176 3636 184 3653 ⁸
227 3653 370 3720 daronum,
386 3655 433 3709 sed
460 3655 577 3716 lucrum.
591 3655 668 3714 Unde
680 3656 835 3714 maniieste
851 3661 1018 3724 ostenditur,

228 3746 301 3803 sicut
325 3761 408 3819 snpra
424 3747 650 3819 comprehensum
679 3759 732 3815 est,
748 3749 873 3806 homiues
896 3767 958 3807 esse
971 3767 1021 3807 au-

230 3852 301 3899 rum,
325 3848 480 3909 argentum,
514 3839 618 3909 lapides
638 3840 784 3911 pretiosos,
812 3841 896 3916 ligna,
917 3842 1019 3908 lenum,

229 3927 459 4000 stipulamarpuia
484 3932 606 4001 acceptis
632 3933 849 3990 institutionibus
876 3935 1019 4008 irragistro·

227 4035 301 4086 rum,
315 4022 356 4075 rel
372 4022 519 4078 observant
535 4036 680 4094 praecepta,
699 4025 740 4081 rei
758 4027 910 4099 negligunt.

265 4131 276 4166 r
292 4115 408 4179 Aurum,
425 4126 582 4184 argentum,
603 4116 705 4187 lapides
719 4121 866 4189 pretiosos,
882 4121 965 4195 ligna,
980 4122 1018 4178 le·

228 4218 304 4271 rrum,
333 4205 459 4274 stipulam
477 4222 485 4263 a
501 4207 718 4278 utriuscujusque
743 4226 811 4280 opus
838 4213 1016 4272 maniiestutn

226 4297 288 4350 erit.
315 4295 377 4351 llies
396 4299 468 4357 enim
492 4298 598 4353 lioorioi
627 4302 787 4372 declarabit,
820 4305 883 4375 quia
910 4308 1017 4380 irrigue

226 4388 402 4447 revelabitur.
420 4408 430 4442 r
449 4389 478 4448 iu
501 4389 623 4449 Ecclesia
641 4395 692 4448 tria
720 4411 820 4465 genera
837 4410 900 4457 suot
928 4403 1017 4457 bono·

226 4495 296 4537 rrrm.
320 4479 368 4538 Est
396 4481 508 4550 bonum,
528 4493 563 4539 et!
581 4485 691 4549 melius,
715 4497 744 4542 et
769 4491 911 4563 optinmm.
934 4491 1014 4560 Quod

225 4580 314 4625 autem
331 4573 420 4641 primo
434 4562 530 4628 aurum
546 4577 636 4645 posuit
655 4587 784 4635 utsermo
797 4582 894 4639 melius
909 4595 1015 4643 texere·

1080 707 1207 767 rourooue
1223 694 1347 763 perfecit.

1116 804 1126 835 r
1147 785 1206 849 lpse
1219 798 1309 842 autern
1327 786 1421 842 saltur
1451 788 1540 843 ent.»
1561 787 1590 842 ln
1615 786 1726 856 propria
1750 785 1872 855 iustitia·

1117 876 1191 932 «Sic
1218 887 1308 934 tameo
1339 878 1416 947 qrrasi
1446 893 1493 948 per
1522 875 1747 946 ignem.r0uod
1778 879 1802 935 tl
1828 876 1872 933 illa

1079 968 1187 1023 nonnisi
1200 983 1248 1039 per
1263 969 1352 1040 ignem
1364 970 1456 1026 salros
1469 968 1532 1035 erit,
1545 969 1591 1037 qui
1605 967 1697 1039 justos
1711 983 1745 1023 ex
1760 969 1871 1041 proprio

1078 1070 1129 1124 est,
1144 1061 1207 1131 qnia
1224 1061 1396 1133 negligenter
1412 1061 1557 1116 aedilicarlt
1572 1060 1744 1132 discipulos:
1758 1060 1870 1131 quidde

1078 1149 1132 1206 iliis
1146 1150 1201 1216 det,
1218 1153 1264 1222 qrri
1287 1162 1314 1207 ει
1327 1167 1454 1209 sermone
1471 1167 1523 1207 ooo
1539 1150 1687 1218 aedificant,
1702 1162 1731 1208 et
1760 1152 1871 1223 insuper

1077 1241 1266 1298 scandalizant
1284 1244 1429 1311 exemplo?

1115 1332 1259 1390 «Nescitis
1287 1337 1350 1406 qrria
1383 1337 1512 1403 tempium
1533 1334 1579 1391 bet
1606 1335 1687 1403 estis,
1712 1347 1743 1392 et
1757 1336 1868 1406 spiritu

1077 1423 1124 1479 Dei
1151 1425 1256 1482 inabitat
1270 1427 1297 1481 in
1316 1426 1440 1482 robisir
1467 1425 1690 1497 Nereidumque
1714 1428 1782 1483 sitis
1800 1413 1868 1483 ιώ·

1077 1517 1163 1586 plum,
1192 1517 1251 1575 sire
1269 1520 1296 1574 io
1323 1518 1450 1589 singulis,
1475 1518 1533 1577 sive
1560 1520 1589 1575 in
1616 1521 1747 1577 universa
1776 1519 1868 1576 Ecule-

1077 1609 1136 1664 siai

1114 1713 1125 1747 r
1144 1695 1171 1750 Si
1192 1696 1253 1767 guis
1266 1708 1359 1752 autom
1377 1699 1507 1770 terrrpluot
1520 1700 1566 1756 liei
1584 1700 1744 1766 violaverit,
1767 1701 1867 1771 disper·

1077 1787 1122 1847 det
1147 1787 1223 1844 illurn
1243 1789 1324 1844 ileos.
1343 1789 1486 1861 Templum
1511 1793 1584 1847 enirn
1607 1791 1805 1871 lleisancturo
1818 1801 1869 1857 ast.

1077 1880 1148 1946 quod
1174 1881 1241 1935 estis
1266 1896 1325 1936 ros.
1340 1899 1353 1934 a
1369 1881 1434 1937 Sive
1455 1897 1534 1939 suunt
1561 1896 1677 1952 corpus,
1706 1885 1867 1952 peccando:

1039 1964 1134 2020 θεῖνε
1161 1967 1315 2024 Ecclesiam
1336 1970 1370 2024 ad
1400 1985 1511 2041 praranr
1531 1973 1685 2028 doctrinam
1700 1973 1866 2037 reducuda.

1078 2061 1205 2118 reicerte
1222 2065 1347 2130 exemplo
1365 2066 1477 2134 proprio
1490 2065 1670 2119 destruendo.
1688 2064 1866 2122 Solerntbuae

1076 2151 1164 2208 locum
1175 2152 1317 2209 donatiani
1329 2170 1468 2223 opponere
1481 2156 1513 2209 ad
1525 2156 1716 2225 paonitentiam
1726 2155 1866 2214 exusta·

1075 2241 1265 2310 dromonibus
1277 2244 1495 2315 respondendnm
1507 2257 1559 2311 est,
1574 2247 1608 2302 ad
1624 2248 1692 2318 quid
1715 2248 1771 2305 boc
1782 2248 1864 2320 ipsa·

1076 2336 1232 2394 scribitur:
1250 2335 1331 2407 Spem
1350 2338 1436 2393 reoiae
1450 2352 1502 2392 noo
1520 2339 1672 2396 iubebunt.

1113 2429 1289 2485 alieniores
1314 2431 1437 2485 seducat.
1462 2448 1472 2482 r
1490 2430 1603 2500 Propria
1634 2431 1677 2487 tel
1697 2432 1789 2489 alisna
1802 2431 1861 2487 aia-

1074 2522 1175 2577 latiobe
1187 2523 1329 2593 deeeptus.

1114 2636 1124 2669 r
1143 2617 1170 2671 Si
1187 2617 1249 2689 quis
1266 2619 1375 2671 ridetur
1398 2616 1470 2671 inter
1492 2628 1541 2671 ros
1558 2615 1668 2686 sapiens
1696 2631 1760 2672 ease
1773 2616 1798 2671 in
1812 2616 1856 2672 itae

1074 2708 1183 2775 saecmo,
1209 2709 1311 2763 stultus
1326 2707 1383 2772 ilat,
1400 2715 1431 2762 ut
1450 2706 1486 2762 sit
1513 2707 1635 2776 sapiens.
1654 2723 1664 2758 r
1684 2704 1738 2762 liic
1758 2707 1855 2778 propria

1075 2802 1166 2856 onorrdi
1181 2802 1304 2869 increpat
1324 2799 1472 2868 sapientes,
1498 2813 1568 2867 noos
1583 2797 1703 2853 bumana
1730 2799 1852 2869 sapisatia

1074 2910 1126 2949 non
1143 2894 1318 2960 permittebat
1335 2892 1438 2947 rendre
1452 2891 1555 2946 dirioa.
1577 2892 1690 2947 blitcr:
1708 2891 1738 2947 Si
1755 2892 1813 2964 quis
1824 2890 1852 2946 ai
1893 2906 1894 2923 ι

1073 2982 1238 3038 reddendam
1257 2982 1341 3038 ricem
1367 2982 1485 3050 injurie,
1504 2982 1526 3036 si
1543 2981 1641 3036 eadem
1668 2981 1776 3049 iecerit,
1789 2989 1852 3051 patet

1072 3089 1102 3129 se
1121 3088 1182 3129 esse
1195 3073 1357 3139 sapientem,
1371 3072 1473 3126 stultus
1487 3070 1544 3126 liat.
1561 3071 1590 3127 lo
1606 3074 1659 3127 boe
1672 3073 1747 3128 enim
1765 3072 1850 3128 raab

1072 3167 1171 3223 stultus
1199 3174 1250 3233 est,
1267 3165 1313 3235 qrri
1342 3163 1500 3234 evangelica
1519 3164 1636 3220 voluerit
1655 3164 1773 3244 implere
1792 3178 1849 3236 pra·

1071 3273 1150 3332 cepta
1168 3277 1176 3315 ε
1193 3260 1241 3331 qrti
1255 3259 1328 3314 enirn
1343 3255 1508 3329 percutienti
1522 3257 1637 3312 alteram
1651 3259 1756 3328 prabet
1769 3255 1850 3312 orarii·

1073 3357 1126 3409 lam
1143 3352 1253 3424 (Morti.
1278 3369 1306 3420 r,
1332 3349 1389 3422 ab).
1426 3351 1570 3409 volontate
1592 3353 1698 3407 stultus
1727 3361 1777 3418 est,
1805 3363 1849 3413 sca

1073 3454 1181 3499 tratura.

1109 3553 1120 3587 r
1139 3533 1277 3604 Sapientia
1293 3535 1366 3589 enim
1383 3532 1466 3604 hujus
1482 3526 1574 3588 nrbodi
1593 3534 1713 3591 stultitia
1738 3545 1779 3593 est
1791 3533 1849 3606 apti

1060 3625 1167 3682 ileum.
1189 3645 1201 3681 r
1221 3625 1295 3683 liibil
1318 3626 1430 3682 stultius
1452 3633 1505 3689 est.
1519 3642 1601 3698 quarn
1621 3638 1651 3683 ut
1676 3630 1743 3686 velit
1762 3627 1848 3700 send

1072 3734 1124 3775 non
1143 3728 1241 3788 potest,
1268 3717 1420 3785 vindicare,
1441 3723 1471 3772 et
1500 3716 1556 3775 lieo
1568 3733 1648 3774 suam
1665 3735 1723 3776 non
1744 3726 1848 3776 reternt

1072 3811 1209 3882 injuriam.
1239 3811 1272 3865 Et
1300 3811 1336 3865 ita
1359 3809 1393 3864 de
1425 3811 1591 3866 conturnelia
1621 3812 1770 3868 rirrdietan
1789 3807 1848 3880 apti

1072 3903 1156 3960 Deum
1168 3903 1273 3974 perdet,
1285 3911 1313 3958 et
1325 3903 1358 3958 de
1370 3901 1502 3974 patientia
1519 3904 1689 3962 urereedern.

1110 4015 1120 4047 a
1140 3995 1278 4066 Scriptum
1294 4004 1336 4051 est
1358 3994 1431 4048 enirn
1446 4010 1454 4048 z
1471 3993 1712 4062 comprehendant
1723 3995 1845 4064 aapbrm

1071 4091 1097 4144 in
1125 4092 1224 4146 astutia
1250 4105 1359 4145 eorum.
1379 4106 1388 4140 r
1405 4089 1446 4143 Ad
1471 4086 1657 4156 effugiendam
1675 4104 1783 4146 mooun
1801 4085 1847 4154 ὓιί.

1071 4182 1143 4237 nulla
1156 4181 1318 4255 suffragatur
1328 4181 1438 4236 astutia.

1108 4294 1118 4325 a
1141 4275 1173 4331 Et
1188 4275 1309 4330 iterum:
1327 4273 1458 4327 ilominus
1468 4273 1545 4327 norit
1559 4273 1744 4344 cogitationes
1755 4273 1847 4343 sapiu·

1071 4367 1149 4435 tiunr,
1178 4366 1306 4437 quoniam
1326 4379 1403 4420 rana
1419 4373 1495 4421 subt.
1519 4363 1622 4420 »bibit
1650 4366 1775 4422 utilitatis
1793 4377 1845 4419 cor·

1070 4454 1161 4511 ierunt
1177 4458 1211 4511 ad
1226 4456 1355 4512 salntem.

1108 4561 1118 4598 r
1138 4542 1224 4600 denno
1236 4545 1329 4615 itaque
1344 4545 1476 4617 glorietur
1495 4547 1523 4603 io
1544 4546 1712 4606 bominibus.
1733 4566 1743 4602 a
1765 4545 1793 4602 lo
1806 4543 1844 4601 ial-

226 4673 281 4729 tur,
299 4665 356 4719 sire
372 4665 405 4720 ad
420 4664 615 4732 fortitudinem,
636 4684 688 4727 bon
711 4672 745 4726 ad
760 4673 880 4742 speciem
895 4690 1014 4748 compa·
1033 4636 1107 4709 ⁰⁸³⁸
1124 4636 1230 4692 'effice‘
1244 4639 1386 4708 mmm&
1404 4640 1523 4695 humana
1544 4649 1654 4696 ‘amum
1681 4638 1842 4712 ”vicum

226 4755 309 4818 rarii.
327 4757 395 4824 Quia
412 4769 553 4828 argentum
569 4758 666 4816 lortius
677 4770 719 4816 cst
733 4778 811 4833 auro,
827 4765 888 4821 ideo
904 4770 1015 4826 meliori

225 4850 334 4916 ponitur
359 4850 429 4904 ioco.
447 4848 511 4904 Tria
540 4863 603 4907 suot
624 4858 780 4913 econtrario
812 4874 912 4929 genera
930 4863 1014 4924 rrralo·

225 4954 285 4994 ruro
304 4955 313 4994 ε
332 4942 442 5006 oralunt,
468 4942 555 5014 pejus,
583 4951 610 4999 ct
634 4945 795 5017 pessimum.
829 4951 894 5021 Quae
920 4951 1013 5024 lignis,

223 5038 301 5098 teoo,
314 5041 342 5086 et
355 5033 464 5103 stipulae
477 5045 684 5104 comparantur.

263 5166 274 5200 r
291 5144 324 5202 lit
340 5147 551 5219 uniuscujusque
567 5163 635 5220 opus
665 5152 746 5221 quale
766 5152 813 5218 sit,
828 5155 899 5225 ignis
916 5159 1014 5228 proba·

223 5239 273 5294 bb.
286 5237 314 5293 Si
332 5238 410 5309 eujus
428 5254 497 5311 opus
512 5242 652 5310 manserit,
680 5249 752 5314 quod
773 5249 1012 5317 superedificavit,

224 5333 377 5387 mercedem
404 5333 529 5402 accipiet.
564 5351 574 5385 r
603 5334 707 5393 torum
730 5347 758 5392 et
786 5352 927 5409 argentum
958 5358 1011 5399 nott

224 5424 310 5478 solnm
330 5439 383 5479 noo
404 5427 511 5490 ardent,
527 5424 576 5481 scd
589 5442 637 5496 per
651 5427 738 5497 ignem
755 5430 941 5500 splendidiora
966 5450 1012 5490 ra·

224 5515 348 5572 diabuot.
365 5517 451 5587 Ligna
469 5534 534 5577 vero
559 5531 587 5574 et
616 5529 712 5579 caetera
730 5523 934 5582 erernabuotnr.
948 5528 1012 5585 b'ise

223 5611 454 5666 eranrinationem
465 5612 571 5682 judieii,
585 5613 639 5683 igni
648 5615 733 5669 voluit
744 5630 904 5689 comparare
916 5622 1010 5693 :juata

1068 4745 1130 4784 cum
1149 4745 1198 4786 nec
1211 4731 1238 4785 io
1252 4731 1330 4786 nobis
1344 4732 1465 4802 quidem,
1480 4734 1528 4789 aed
1553 4733 1582 4787 ln
1600 4746 1647 4798 eo.
1664 4732 1743 4803 enjus
1754 4741 1781 4787 et
1802 4725 1840 4798 ipti

1068 4836 1173 4889 suarius,
1185 4823 1221 4876 sit
1235 4822 1417 4892 gloriandum.

1107 4913 1230 4970 r0nnria
1258 4917 1331 4971 enirn
1351 4927 1439 4972 vestra
1466 4927 1541 4982 sunt,
1566 4915 1626 4973 site
1658 4917 1772 4978 Patrius.
1795 4924 1840 4970 ΙΙ

1067 5002 1176 5071 apollo,
1193 5005 1250 5057 sire
1264 5002 1383 5074 Cepbas,
1399 5006 1457 5061 sire
1481 5006 1612 5073 mundus.
1633 5006 1693 5064 sire
1718 5008 1783 5074 rita,
1796 5006 1839 5061 titt

1068 5108 1152 5150 rrrors.
1177 5093 1301 5150 ›Orrrnia
1328 5105 1420 5151 creata
1445 5106 1510 5152 strnt
1536 5110 1650 5169 propter
1670 5110 1788 5168 sanent,
1805 5093 1839 5164 td

1066 5197 1129 5238 cum
1157 5185 1225 5240 nibil
1253 5187 1384 5252 babeant,
1403 5187 1546 5256 possident
1571 5198 1685 5244 cuneta.
1711 5188 1839 5245 Possm

1067 5286 1156 5331 autem
1171 5278 1229 5333 lraec
1242 5278 1275 5332 ad
1292 5277 1446 5335 libertatem
1474 5279 1580 5335 reierre
1601 5280 1726 5348 arbitrii,
1740 5290 1771 5336 at
1782 5275 1838 5350 gari

1068 5371 1152 5425 rettm
1169 5369 1281 5438 eligant,
1294 5370 1353 5425 sire
1367 5381 1492 5437 mortem,
1506 5372 1564 5426 sire
1581 5371 1678 5427 ritaro.

1104 5479 1115 5513 r
1135 5461 1199 5515 sire
1223 5462 1380 5532 praesentia,
1397 5463 1456 5517 sire
1469 5462 1574 5516 lutura.
1595 5463 1695 5519 orrrnia
1710 5465 1782 5520 eninr
1803 5472 1839 5515 rt·

1065 5563 1121 5611 stra
1145 5565 1218 5610 suot.
1240 5553 1343 5620 »Quod
1371 5557 1488 5622 sanetis,
1515 5567 1570 5610 tana
1602 5559 1840 5628 presentiaque·

1064 5648 1155 5702 initura
1172 5647 1306 5704 dirirritus
1326 5649 1382 5703 siut
1396 5647 1529 5703 attributa
1543 5664 1552 5706 t
1568 5646 1634 5704 item
1652 5647 1843 5704 cortanna·
1886 5677 1895 5718 g

1065 5748 1237 5808 rrrortcmqoe
1246 5739 1381 5808 sigtriiieat
1391 5755 1400 5794 ε
1411 5740 1539 5811 quoniam
1552 5749 1667 5812 propter
1679 5757 1732 5797 oos
1744 5748 1773 5796 et
1785 5747 1844 5794 mot·
1887 5773 1895 5815 g

1064 5839 1127 5886 tous
1140 5840 1193 5897 est,
1210 5842 1238 5887 er
1253 5833 1414 5889 resurrexit.

1100 5923 1184 5980 ‹l'os
1203 5931 1294 5982 autem
1323 5924 1436 5983 Cbristi.
1457 5944 1467 5979 a
1492 5926 1538 5985 Sic
1563 5937 1607 5986 est
1637 5928 1766 5987 crebros
1792 5923 1841 5992 bal.
1887 5957 1894 6004 g

223 5703 447 5760 consuetudinem
466 5701 679 5775 Scripturururo.

261 5832 270 5862 a
292 5811 321 5868 Si
338 5817 415 5887 cnjus
428 5833 496 5888 oprrs
511 5818 620 5882 eriserit,
636 5819 830 5878 detrimentum
846 5824 975 5894 patietur.
995 5847 1005 5880 r

205 5899 242 5966 δι’
253 5907 319 5978 guis
331 5910 505 5985 negligenter
517 5925 566 5971 aot
582 5914 663 5973 terito
687 5915 821 5987 docuerit,
837 5927 885 5974 aut
915 5935 1008 5976 eaeor.
