4109 6434
225 465 280 533 itt

708 463 739 525 s
765 455 988 523 nreuourut
1015 428 1176 516 onauun
1192 450 1395 514 unurrsst.

1796 443 1850 505 tto

225 586 284 653 ipsu
301 585 420 640 bumana
443 588 651 650 nullumquam
681 579 780 646 imluit,
798 581 824 635 iu
859 564 1009 652 g'ratiorum
1023 584 1048 639 Α
1062 575 1290 631 ltomamviuetus
1300 571 1433 625 uetueris
1443 577 1495 622 est.
1509 565 1607 618 iliceos
1617 579 1693 627 reru,
1704 562 1772 631 quiri
1785 564 1852 616 siritii

226 681 362 733 actionem
379 690 487 744 semper
501 676 535 728 sit
548 674 668 743 oubjeeta
685 673 820 726 rlivluitati
838 673 902 725 :eui
919 686 1011 726 seeum

227 786 309 822 ιιιιιιιιι
328 768 462 830 laeiemlo,
479 767 570 820 onmia
584 764 745 831 subjecerit.
759 764 832 818 llulti
846 765 926 818 etium
946 763 1010 829 alio,

226 871 255 916 et
274 861 382 927 ‹lit-ersa
401 861 506 923 dieunt,
524 873 584 928 qua
597 858 719 912 inserere
732 866 759 911 et
775 871 935 912 etruruerore
950 869 1010 924 pro·

226 952 309 1005 lirum
327 960 378 1006 est.
730 993 735 1002 .

266 1041 321 1097 rUr
339 1046 374 1096 sit
404 1041 475 1096 Deus
494 1044 586 1096 otnnia
605 1042 631 1096 iu
649 1040 813 1095 omnibus.»
837 1041 914 1094 Tune
942 1042 1012 1095 ileus

225 1136 315 1187 ouuria
336 1135 362 1188 lu
388 1136 517 1189 erunibus
549 1135 614 1197 erit,
636 1149 697 1187 cum
724 1143 855 1187 eraruatu
871 1142 1011 1198 morte,et

224 1227 297 1280 oriiui
316 1228 429 1289 ritalitiu,
445 1227 486 1282 rel
507 1242 603 1282 errore
623 1229 772 1291 destructo,
788 1226 862 1280 stilus
888 1226 1013 1297 regnabit

226 1321 252 1374 in
272 1323 379 1375 curretis
1009 1373 1011 1377 ,

262 1416 411 1482 «Alioquin
447 1414 510 1482 quil
539 1413 660 1478 iacieut,
687 1414 731 1480 oui
762 1412 935 1478 baptizantur
964 1425 1012 1478 pro

224 1505 381 1560 mortuislt
411 1506 572 1575 Quicunque
603 1505 731 1574 baptizali
761 1519 856 1558 suenus
882 1504 909 1557 in
933 1503 1011 1558 cliri-

223 1605 266 1652 sto
302 1598 327 1650 iu
354 1606 442 1652 morte
471 1597 556 1666 ipsius
590 1597 722 1667 baptizati
756 1596 931 1660 somus¹,itl
959 1607 1010 1663 est,

221 1690 275 1758 jam
302 1690 379 1760 quusi
394 1691 557 1744 commortui
582 1705 644 1746 eum
672 1690 718 1744 illo
732 1705 838 1744 sumus.
852 1688 921 1756 Quid
947 1703 1012 1757 ergo

225 1784 335 1849 protest
347 1797 395 1835 uos
409 1781 472 1834 ltuie
488 1782 587 1834 munile
599 1781 679 1845 mori,
696 1780 717 1832 si
737 1779 809 1833 lruue
823 1789 1010 1848 contemptum

224 1873 393 1938 utiluptatum
420 1872 474 1924 rita
503 1885 557 1927 non
585 1872 711 1940 sequitur
737 1869 936 1924 auernmtmu
960 1872 1010 1926 boc

1064 668 1179 734 prodest,
1189 667 1212 717 si
1223 665 1322 718 mortui
1335 679 1388 717 non
1400 658 1558 729 resurgunt?
1568 655 1782 721 illorumtlogrna
1804 656 1853 710 rio·

1063 766 1096 810 sti
1105 758 1140 809 uit
1166 756 1210 824 uui
1221 756 1322 816 tlieuut,
1334 762 1397 806 aute
1409 766 1520 818 eorpors
1529 747 1669 802 animasiu
1679 744 1853 810 roelolaetas,

1062 837 1855 916 autuntqurrmlampropriaeenurersatiouisimbuissemu-

1062 951 1098 998 tet
1110 962 1115 996 :
1125 942 1205 996 llulta
1218 942 1345 996 dicuutur
1360 939 1387 993 in
1400 936 1539 1007 Epistolis,
1552 949 1613 1005 qua
1625 934 1651 987 in
1667 933 1786 987 beritius
1797 947 1852 986 non

1062 1037 1244 1094 eontinentur.
1254 1042 1281 1088 et
1290 1035 1371 1085 murita
1382 1031 1408 1084 iu
1419 1031 1542 1091 Artilms,
1552 1041 1612 1095 quae
1623 1027 1649 1080 iu
1659 1025 1788 1091 Epistolis
1797 1038 1852 1078 nott

1062 1128 1229 1183 scribuntur.
1242 1124 1295 1178 i‘er
1310 1123 1466 1194 allegoriam
1491 1130 1582 1174 autem
1614 1117 1710 1173 bestiae
1737 1126 1853 1184 possum

1063 1219 1176 1287 intelligi
1192 1218 1356 1272 adversariae
1372 1223 1534 1285 potestates,
1549 1212 1620 1267 sicut
1634 1213 1673 1267 ait
1685 1211 1714 1264 in
1730 1210 1852 1264 Psalmo:

1064 1309 1106 1364 Ne
1133 1310 1224 1364 trador
1248 1309 1340 1363 bestiis
1373 1309 1477 1361 animat
1508 1305 1668 1374 confidenter
1690 1303 1739 1355 tibi
1764 1300 1852 1373 (emt.

1062 1418 1158 1467 ιινιιι,
1178 1401 1234 1469 ib),
1253 1400 1287 1454 ad
1304 1415 1372 1470 qrras
1384 1399 1428 1453 bie
1443 1398 1549 1452 dicitse
1564 1409 1715 1466 pugnasse.

1102 1514 1111 1547 ι
1127 1495 1335 1555 llamlueemus,
1355 1503 1383 1547 et
1397 1492 1521 1546 bibamus
1539 1506 1548 1547 ε
1563 1505 1626 1543 eras
1653 1489 1726 1539 euim
1753 1487 1853 1540 morie·

1064 1605 1135 1642 mur.
1153 1607 1162 1639 ν
1181 1587 1304 1656 increpat
1321 1585 1445 1654 exemplo
1473 1583 1611 1652 proplietae
1639 1581 1711 1650 grtiae
1735 1582 1853 1642 «lentim,

1063 1679 1252 1747 desperatione
1277 1677 1450 1740 loturorum3
1466 1674 1543 1743 eujus
1556 1671 1595 1727 rei
1611 1672 1715 1727 erimeu
1739 1679 1854 1740 negator

1064 1773 1105 1828 eis
1120 1771 1222 1825 remitti
1237 1771 1417 1839 quoadusque
1433 1767 1596 1822 moriautur.

1100 1885 1110 1916 r
1125 1864 1214 1918 Nolite
1225 1862 1329 1918 seduci.
1342 1883 1357 1911 ι
1371 1861 1410 1915 Ab
1429 1861 1480 1924 bis,
1498 1861 1543 1929 qui
1559 1857 1621 1911 talia
1637 1856 1803 1925 loquuntur.

224 1971 277 2029 ρει,
292 1966 365 2032 quun
382 1963 538 2033 dicterium
555 1979 607 2018 uon
633 1965 720 2018 solum
739 1974 848 2032 propter
873 1963 1010 2017 remissio·
1027 1941 1049 2000 Β
1105 1956 1314 2026 «currumpunt
1331 1968 1419 2009 mores
1436 1954 1523 2006 bonos
1538 1952 1672 2020 colloquia
1688 1947 1770 2001 mala.
1790 1944 1853 1999 »Ne

225 2070 286 2107 nem
303 2063 475 2122 persecutorum
493 2053 676 2122 baptizemur,
694 2053 740 2106 seri
756 2063 783 2106 et
794 2062 903 2120 prepter
918 2067 1010 2104 resur·

224 2147 374 2199 rectionem
393 2146 486 2200 carreis
505 2153 617 2198 nostrae.
641 2143 758 2199 Carnem
781 2153 870 2197 nutem
889 2153 1010 2196 nostram

224 2248 358 2292 mortuam
376 2237 506 2306 appellat,
522 2238 650 2306 qttotiiam
673 2237 724 2290 ltae
739 2245 826 2291 morte
843 2235 933 2289 anima
956 2250 1011 2290 uon

224 2330 351 2385 moritur.
369 2328 447 2385 Uurle
477 2329 644 2397 increpando
661 2329 699 2382 ait
712 2345 719 2382 :
734 2328 787 2383 aar
806 2328 871 2397 quiri
899 2328 1008 2393 facient,

222 2423 268 2492 qui
294 2423 463 2491 imptizautnr
488 2437 536 2490 pro
562 2420 692 2486 mortuis,
710 2420 733 2474 si
758 2421 871 2474 ou‘miuo
905 2420 1007 2475 mortui

224 2529 277 2566 uon
308 2512 477 2584 resurgunt?
493 2512 520 2567 ld
549 2523 602 2576 est,
626 2512 692 2580 orriri
717 2512 850 2580 baptizari
874 2525 943 2580 opus
970 2522 1013 2568 est

226 2620 349 2669 carerem,
365 2606 386 2657 si
404 2620 455 2661 uon
474 2603 619 2673 resurgat?

263 2694 315 2749 rSi
342 2695 453 2749 ommno
478 2694 577 2748 tuormi
608 2709 662 2747 uon
693 2701 848 2763 resurgunt,
868 2694 961 2764 utquid
985 2703 1012 2748 et

223 2787 397 2854 baptizantur
413 2800 461 2853 pro
488 2783 566 2838 illisi
589 2782 689 2853 thuitl
705 2793 732 2838 et
744 2800 795 2838 uos
825 2786 1012 2852 periclitamur

223 2879 297 2931 ouini
309 2877 397 2931 liora?
412 2895 421 2927 t
437 2875 464 2930 Si
482 2876 549 2931 nibil
573 2886 646 2930 esset
664 2877 690 2930 iu
706 2875 810 2940 loturo,
823 2892 877 2930 uon
902 2892 1012 2933 eramus

224 2979 280 3023 ιιιιι
297 2970 383 3034 stulti,
401 2979 430 3022 ιιι
447 2978 536 3024 tantas
560 2968 751 3023 tribulationes
764 2986 813 3040 pro
834 2969 886 3024 illis
901 2981 1010 3040 patere-

225 3079 296 3116 rum.

264 3173 272 3206 ι
285 3152 413 3220 Quintilio
428 3154 543 3207 morior.
560 3170 569 3204 ν
587 3149 701 3224 Semper
713 3162 823 3222 paratus
837 3155 869 3206 ari
884 3167 1010 3218 mortem,

1063 2049 1196 2111 dicerem,
1209 2062 1274 2116 erpo
1292 2046 1361 2100 tales
1382 2061 1432 2100 uos
1445 2045 1566 2115 jurlieas,
1579 2043 1624 2111 qui
1641 2041 1725 2094 lar-ile
1736 2041 1852 2093 serieres·

1063 2141 1142 2195 trturl
1159 2156 1212 2193 nou
1228 2142 1327 2207 ineptit,
1341 2139 1374 2194 tie
1393 2139 1472 2193 tobis
1487 2140 1570 2192 timeo
1586 2154 1593 2190 :
1610 2136 1657 2190 seri
1684 2137 1719 2188 tie
1742 2134 1850 2189 illorum

1062 2230 1273 2286 corruersatioue
1295 2228 1423 2282 iormilo.
1442 2227 1495 2280 Serl
1521 2229 1658 2294 qtromorlo
1675 2223 1747 2277 attala
1768 2224 1851 2278 eollo·

1063 2320 1125 2390 quia
1142 2323 1226 2374 bonos
1240 2333 1333 2373 mores
1348 2326 1526 2384 corrumpunt
1539 2334 1546 2370 :
1561 2318 1596 2368 ita
1610 2315 1771 2369 econtrario
1784 2315 1850 2368 bona

1063 2411 1197 2481 colloquia
1213 2411 1298 2464 malus
1314 2423 1403 2464 mores
1419 2410 1564 2462 mollirent.

1102 2504 1265 2570 «firmitate.
1284 2502 1361 2570 justi,
1375 2510 1403 2556 et
1422 2500 1505 2555 nolite
1520 2514 1644 2568 peceare.
1663 2517 1673 2551 t
1691 2498 1740 2554 llle
1764 2499 1851 2570 justat

1064 2609 1118 2661 est,
1134 2598 1180 2662 uui
1193 2610 1245 2649 nou
1261 2605 1367 2663 pereat.

1102 2709 1111 2742 ι
1132 2689 1315 2758 ignorantiam
1334 2686 1406 2740 euim
1426 2684 1471 2742 bei
1484 2685 1594 2756 qrtirlam
1614 2688 1750 2741 liabent.»
1773 2685 1851 2757 iguo·

1065 2794 1127 2839 raut
1145 2783 1275 2837 virtutem
1291 2780 1350 2844 ttet,
1369 2779 1495 2850 quicum
1522 2786 1618 2848 putant
1643 2779 1780 2834 suscitare
1801 2792 1852 2834 σοι

1063 2892 1144 2950 posse
1164 2894 1171 2936 ι
1192 2876 1343 2946 polemium
1360 2877 1419 2946 ejus
1431 2891 1463 2932 es
1478 2890 1526 2930 sua
1539 2873 1725 2929 imbecillitate
1741 2888 1853 2930 censeo-

1064 2979 1117 3025 tes.

1099 3059 1163 3115 inl
1182 3056 1456 3114 reuerentiam'robis
1472 3057 1607 3129 loquor.»
1629 3057 1666 3114 lit
1683 3058 1854 3113 erubescatis

1062 3167 1112 3206 ros
1127 3153 1170 3206 bis
1190 3150 1378 3216 sermonibus,
1394 3159 1524 3220 tanquam
1540 3151 1628 3206 adbuc
1642 3149 1776 3220 parrulos
1789 3165 1854 3206 eru·

223 3259 252 3301 et
269 3249 390 3318 quotidie
401 3259 530 3314 exspecto
551 3263 594 3301 me
611 3262 660 3316 pro
682 3258 773 3301 vestra
792 3247 876 3316 gloria
897 3251 1046 3342 moritu·c
1063 3243 1125 3298 rliri.

225 3356 296 3394 ιιιιιι.

263 3451 273 3483 r
288 3431 340 3486 Per
354 3441 471 3486 vestram
492 3431 618 3500 plinium,
636 3429 747 3485 iratres.
763 3430 853 3496 tier,
869 3445 921 3484 nou
936 3445 1011 3485 sem·

225 3538 273 3590 per
289 3524 452 3590 sipirillemio
479 3520 628 3590 jttrameuti
644 3533 695 3576 est.
711 3519 780 3576 Nauu
805 3523 827 3575 sl
849 3525 948 3584 iliram,
963 3535 1011 3590 per

225 3626 337 3679 puerum
366 3612 524 3666 iuisizuon
550 3611 642 3666 statim
675 3626 724 3680 per
755 3627 867 3681 puerum
892 3611 1009 3680 jurasse,

226 3712 300 3756 reete
316 3704 445 3771 putabor.

264 3797 372 3861 «Quam
392 3798 477 3850 liabeo
492 3798 518 3849 iu
532 3797 642 3850 Christo
659 3794 723 3850 lesu
749 3796 863 3849 botuiuo
881 3804 1007 3850 nostro.»

226 3887 280 3957 Ego
294 3887 380 3941 bribeo
397 3887 548 3942 ruerredem
575 3889 698 3942 laborum
721 3890 746 3941 iu
766 3889 843 3942 rolris
857 3904 864 3942 :
878 3889 961 3941 etiam
987 3889 1010 3941 si

226 3996 275 4033 uos
292 3982 423 4048 prolicere
438 3980 591 4034 uolueritis.

264 4067 320 4118 «st
353 4069 503 4120 semirutum
537 4068 678 4122 bominem
701 4070 735 4123 orl
761 4070 861 4124 bestius
893 4070 1010 4139 pugnavi

227 4160 416 4227 llplu·si,quirl
450 4160 515 4212 inibi
535 4161 654 4227 prorlest,
679 4161 701 4213 si
728 4163 825 4215 mortui
849 4179 900 4216 nott
919 4178 1011 4218 resur·

226 4249 337 4315 pituli·
358 4250 387 4302 Si
415 4248 481 4301 rutil
504 4251 737 4303 remunerationis
765 4266 779 4303 a
804 4252 857 4306 lieo
879 4267 929 4323 pro
959 4252 1011 4308 boe

226 4343 376 4395 errtmuiue
406 4355 496 4408 spero,
526 4355 610 4407 terrare
640 4343 769 4409 pugnari,
795 4352 825 4397 ut
855 4338 1010 4400 bominibus

225 4434 296 4488 iurte
313 4432 467 4502 placerem?
481 4433 566 4485 Aliter
584 4448 591 4487 ι
607 4431 657 4486 iiie
687 4433 789 4487 bestias
815 4450 862 4489 eos
889 4449 1009 4490 eorume-

228 4538 325 4589 morut,
341 4527 384 4595 qui
401 4525 497 4592 Epiresi
515 4527 677 4578 seditionem
691 4528 822 4581 aduersos
838 4543 899 4581 eum
921 4543 1011 4582 ruove-

1101 3336 1176 3390 rSeil
1202 3337 1274 3392 ilicet
1299 3336 1434 3406 aliquis.»
1454 3331 1516 3405 ipse
1536 3333 1587 3388 sibi
1603 3347 1635 3387 ex
1661 3332 1857 3387 contradicen-

1062 3427 1129 3481 tium
1159 3442 1274 3496 persona
1303 3431 1440 3498 proponit.
1474 3427 1561 3480 Aliter
1581 3424 1773 3481 :Praeclarum
1804 3425 1856 3478 boe

1062 3518 1121 3571 loro
1137 3520 1281 3588 Apostolus
1302 3521 1335 3572 tle
1354 3519 1559 3573 resurreetione
1579 3517 1683 3579 earnis,
1699 3515 1858 3570 lrurueuto·

1063 3626 1121 3664 rum
1136 3612 1219 3664 sunrit
1233 3612 1401 3680 ermuplum,
1416 3626 1533 3678 ortorum
1548 3625 1653 3676 semen,
1669 3625 1735 3664 euru
1752 3612 1856 3664 nullum

1063 3713 1181 3767 seratur,
1201 3716 1254 3755 uon
1279 3706 1316 3757 ita
1342 3711 1370 3754 ut
1397 3712 1477 3757 terrae
1498 3703 1652 3768 mandatur,
1672 3705 1857 3756 rettaselmr:

1062 3796 1109 3848 sert
1130 3794 1200 3848 sicut
1218 3796 1243 3846 iu
1261 3792 1856 3864 principiosecumlumorilinemuuieuir,ue

1062 3885 1209 3949 seminum,
1234 3886 1314 3954 ortale
1342 3899 1442 3955 eorpus
1472 3886 1543 3939 ileos
1566 3899 1627 3939 esse
1663 3883 1808 3952 precepit,
1827 3891 1857 3938 et

1062 3977 1378 4048 queumtmotumjusstt
1394 3988 1494 4034 terram
1508 3978 1657 4047 producere
1673 3975 1856 4031 rudinatioue

1062 4083 1121 4135 sua,
1139 4070 1219 4124 durat
1231 4079 1258 4124 et
1269 4079 1423 4138 permanet.
1440 4071 1479 4125 lta
1489 4078 1517 4124 et
1532 4069 1678 4135 unicuique
1706 4068 1854 4125 bominum

1062 4176 1184 4229 earnem,
1196 4178 1279 4232 quum
1290 4150 1438 4233 uniruique
1450 4163 1528 4219 initio
1546 4160 1676 4216 nascendi
1692 4162 1858 4232 specialiter

1063 4257 1166 4322 tribuit,
1180 4257 1206 4310 iu
1224 4258 1424 4311 resurreetione
1443 4258 1579 4311 restituet.
1610 4254 1733 4310 Dicendo
1750 4263 1856 4319 autem.

1062 4350 1109 4403 dat
1140 4349 1176 4403 illi
1210 4364 1309 4418 eorpus
1332 4350 1403 4404 sieut
1419 4349 1517 4410 uoluit,
1532 4355 1559 4404 et
1587 4362 1652 4415 non,
1668 4349 1742 4403 sieut
1765 4350 1855 4403 ruit:

1061 4443 1189 4508 ostendit,
1205 4459 1220 4497 a
1238 4443 1370 4513 principio
1380 4443 1606 4498 constitutionem
1623 4441 1670 4498 nei
1686 4444 1855 4498 immutabi-

1062 4534 1113 4588 lem
1130 4548 1301 4603 permanere.

225 4632 288 4676 runt
313 4619 490 4689 popularem,
522 4630 633 4686 propter
658 4616 752 4671 Dl⁵¹¹¹ffl
779 4617 902 4681 biblum,
932 4619 1050 4687 euiusp
1100 4625 1267 4690 «Quomodo
1285 4635 1427 4695 resurgent
1444 4623 1660 4690 mortuilQuali
1680 4633 1775 4679 autem
1795 4641 1858 4681 eor·

224 4711 357 4764 euluuam
374 4711 566 4779 praedieatione
584 4711 733 4778 apostoliea
747 4709 1006 4775 destruebatQuoil
1067 4717 1272 4785 perferentem?
1286 4736 1294 4770 i
1310 4715 1385 4770 liutei
1402 4719 1492 4772 solent
1518 4730 1672 4786 proponere
1696 4725 1792 4770 utrum
1810 4720 1858 4772 ile-

223 4816 314 4856 uutem
332 4801 474 4856 mauiieste
498 4812 612 4868 constet,
629 4803 741 4867 bestias,
757 4818 819 4856 cum
848 4803 946 4872 quilius
962 4817 1012 4869 pu·
1063 4808 1127 4862 bilia
1152 4823 1279 4878 corpora,
1294 4817 1322 4871 ut
1336 4815 1399 4861 sunt
1414 4806 1554 4870 destructa,
1577 4816 1734 4878 resurgant.
1748 4809 1858 4875 Quibus

223 4895 317 4963 giravit
331 4894 487 4961 Apostolos,
504 4895 677 4949 adversarios
694 4893 921 4948 bomiuestleberr
932 4895 1011 4948 iutel·
1063 4897 1282 4965 respondendum
1293 4906 1347 4960 est,
1362 4897 1388 4950 in
1405 4898 1605 4951 resurrectione
1629 4912 1682 4950 uon
1700 4898 1859 4955 debilitatis

223 4984 269 5052 ligi
280 5002 287 5038 ι
298 4985 366 5039 idem
382 4987 408 5038 iu
418 4987 470 5038 alia
482 4984 601 5055 Epistola
618 4995 761 5047 rueruorat,
774 4985 886 5040 dicens:
902 4987 935 5038 Ει
947 4984 1010 5038 lile·
1063 4989 1170 5055 sitiunt,
1181 4988 1229 5042 seul
1240 4988 1421 5056 integritatum
1439 4989 1560 5057 reparari
1574 4995 1687 5043 nature.
1705 4987 1856 5057 Nunquam

222 5088 297 5130 rotor
311 5093 368 5130 rum
381 5078 465 5130 terre
480 5076 560 5131 leonis
573 5074 614 5146 (tl
627 5074 693 5130 Tiri.
706 5093 741 5142 ιν,
751 5077 806 5147 Π).
818 5077 844 5131 Ιιι
854 5085 1009 5146 qttonsteu·

222 5169 299 5225 tlitse
310 5171 441 5224 saeuitiam
457 5167 712 5234 Neronisetasisse‚
725 5171 834 5238 otiando
852 5169 938 5237 prima
952 5169 1010 5222 viee

261 5413 381 5470 ¹llienrii
408 5427 456 5480 pro
482 5413 596 5468 mortuis
622 5411 747 5480 baptismi
778 5428 881 5466 morem
909 5413 1006 5482 respici

222 5487 297 5542 bisce
315 5491 349 5540 ab
367 5484 497 5552 Apostolo
525 5483 627 5545 verbis,
643 5483 738 5536 scribit
763 5483 939 5550 iipipliauius,
956 5488 1007 5536 lue

223 5574 276 5611 res.
292 5557 337 5611 ⁹28.
353 5555 411 5608 Prae
427 5554 504 5622 eujus
531 5555 664 5606 sententia
680 5554 736 5604 baec
752 5564 789 5604 est
808 5568 873 5605 tero
899 5554 1009 5620 propior

222 5629 342 5681 tortoris
363 5625 459 5687 nostri,
475 5626 520 5691 qui
537 5626 562 5675 in
577 5623 678 5675 Ctuisti
699 5634 785 5675 morte
808 5623 939 5689 imptizuri
961 5638 1008 5676 ex-

221 5704 313 5765 plieat.
330 5697 430 5751 Cottler
443 5698 527 5761 ipsius
548 5695 670 5762 Apostoli
700 5695 780 5745 alium
799 5690 947 5759 Epistulam
974 5695 1006 5746 :ul

222 5768 371 5824 timemus,
391 5781 425 5827 rt,
442 5767 468 5818 5.
486 5763 568 5817 Paulo
585 5768 665 5816 aliter
679 5762 793 5817 (insutus
810 5763 1006 5829 imlepleusteS,

223 5853 280 5899 ιινι,
294 5856 319 5904 p.
332 5838 385 5892 aab
402 5851 410 5891 t
427 5835 621 5902 beasttspeta
640 5833 846 5899 puorturbtspou
863 5830 934 5900 ὑπὲρ
952 5832 1006 5885 τῶν

213 5906 362 5974 pat-:auron
388 5907 498 5978 νεκρῶν
524 5906 662 5977 σωμάτων
689 5903 885 5967 κσῑαὸὐννντες
911 5905 939 5955 ἐν
966 5905 1003 5974 τῷ

1060 5079 1133 5134 enim
1151 5088 1210 5132 tam
1237 5079 1326 5133 debile
1351 5088 1393 5132 est
1409 5091 1517 5147 eorpus,
1536 5093 1616 5147 qtram
1647 5093 1710 5132 eum
1726 5078 1813 5134 luerit
1830 5082 1856 5134 iu

1062 5170 1202 5238 puluerem
1234 5170 1393 5223 resolutum.
1432 5168 1483 5233 Qui
1517 5184 1583 5240 ergo
1605 5168 1729 5223 ereditur
1766 5179 1855 5225 totum

1061 5413 1133 5482 ἁγίῳ
1146 5411 1236 5477 ὕδατι,
1249 5416 1297 5469 ναι
1310 5415 1488 5477 ἀναδύνσντες
1498 5415 1550 5468 ἀπ’
1561 5414 1700 5479 ἐντεῦθεν,
1713 5417 1858 5488 μιμούμε-

1061 5501 1106 5537 νοτ
1122 5484 1239 5538 θάνατον
1262 5487 1309 5538 καὶ
1328 5488 1486 5538 ἀνάστασιν.
1503 5486 1623 5540 ΙνίιΙονιιι
1643 5502 1755 5553 ιμιυιμιιι
1774 5489 1856 5541 lelu-

1059 5556 1136 5618 sieta,
1166 5558 1184 5607 Ι.
1210 5569 1230 5617 t,
1253 5557 1335 5625 epist.
1363 5556 1413 5609 221
1440 5555 1661 5625 :Bourttogteba
1694 5555 1770 5626 ὑπὲρ
1799 5560 1856 5610 τῶν

1059 5624 1165 5692 νεκρῶν
1182 5624 1263 5693 φύσει
1287 5625 1482 5695 supermitte
1510 5629 1665 5695 ἀφθαρσίαν
1691 5629 1763 5677 αὐτὰ
1796 5644 1852 5695 με·

1060 5695 1283 5763 τασκευασθήναι
1310 5695 1496 5759 πιστεύοντες.
1513 5696 1591 5750 Paria
1613 5694 1717 5749 trabem
1742 5694 1854 5750 Tertul-

1060 5763 1160 5830 lianus,
1181 5780 1210 5825 u,
1238 5766 1270 5818 ¹0
1296 5776 1391 5820 eontra
1416 5764 1594 5829 llareiouem,
1623 5764 1852 5835 chrysostomus,

1059 5831 1290 5904 Tueopnyta'uus,
1308 5837 1420 5905 aliique.
