4109 6434
209 413 262 486 ιιι

674 414 705 480 S.
723 412 941 477 nlenonmtt
955 412 1122 479 ‘oronim
1138 410 1343 480 otnnmssl.

1782 407 1837 478 all

244 533 273 587 ln
300 533 438 601 doctrina,
460 533 487 590 in
503 531 672 602 integritate,
691 531 718 586 in
741 531 887 602 grarltate.
903 550 913 584 ι
941 531 1001 598 Quo
1013 549 1040 612 g
1054 538 1104 590 hus
1118 538 1212 600 variis,
1227 535 1256 589 ln
1271 531 1375 588 malitia
1387 538 1415 587 et
1430 526 1532 585 invidia
1554 532 1668 600 agentes
1684 544 1692 585 ι
1708 525 1839 593 odihlles,

209 625 380 682 solummodo
392 625 482 682 doceri
495 633 582 694 potest
590 621 759 692 ;‘iutegritas
774 638 839 679 tero
864 638 915 679 nee
932 640 998 681 utu·

210 716 322 771 nerihos
338 715 534 784 corrumpitur,
551 729 602 769 nee
617 715 775 782 acceptione
789 728 927 781 persone.

250 809 397 863 tlerhunt
422 821 543 874 sanun»,
572 807 827 877 irreprehensibile.
855 827 865 860 »
895 805 1002 861 Nullius

212 898 375 954 adulationis
391 899 553 953 accensione
570 896 713 966 languens.

251 1005 262 1042 ι
284 989 318 1044 ιιι
335 991 370 1056 is,
385 992 430 1060 qul
446 1004 479 1045 es
496 989 612 1045 adverso
626 996 679 1054 est,
702 997 840 1053 vereatur,
862 989 929 1044 nihil
951 987 1002 1043 lta·

214 1083 283 1139 bens
301 1082 401 1136 malunt
417 1083 507 1137 dicere
523 1083 556 1139 de
571 1082 660 1136 vohis.
674 1100 683 1132 ι
703 1082 753 1148 Qui
774 1083 823 1136 tihi
838 1091 926 1150 potest
939 1097 1003 1136 tott-

215 1175 360 1242 tradicere,
376 1174 400 1229 si
417 1174 482 1245 qnid
500 1175 569 1227 inte
586 1173 638 1227 tale
655 1175 804 1228 notaverit.

254 1284 264 1319 ι
284 1265 386 1322 Servos
400 1265 518 1320 dominis
531 1265 588 1320 suis
601 1264 725 1320 subditos
740 1278 813 1329 esse,
833 1267 861 1318 ιιι
877 1263 1004 1320 omnihus

215 1357 366 1427 placentes.
387 1377 396 1409 ι
416 1356 626 1426 Quaintperaut
639 1355 723 1423 justa.

254 1450 342 1504 ilion
357 1449 588 1504 contradicentes.
610 1467 618 1498 »
639 1448 677 1502 Ne
699 1449 945 1502 murumratiouern
967 1446 1006 1500 la-

216 1543 331 1605 cicntes,
348 1552 375 1596 ct
388 1543 512 1598 »ttereede
523 1539 678 1610 privemini,
690 1548 716 1592 et
728 1539 852 1594 homines
868 1539 1007 1595 exsistatis

218 1633 332 1704 ingrati.

257 1725 343 1780 ilion
371 1725 542 1790 sororiantes,
563 1724 609 1778 ted
621 1722 648 1776 in
672 1720 796 1777 omnihus
815 1719 894 1776 ildetn
909 1721 1006 1776 hortum

1053 629 1179 682 odientes
1193 627 1320 680 inuicem.
1342 640 1353 676 ι
1369 623 1408 678 lie
1421 622 1571 691 desperent
1585 619 1762 691 correptione
1775 634 1838 688 sua,

1052 721 1165 789 opponit
1176 716 1331 787 exemplum
1348 728 1389 781 se,
1405 713 1470 785 qnia
1491 723 1521 770 et
1538 728 1588 768 uos
1610 713 1723 779 inimus,
1738 712 1838 782 inquit,

1054 814 1122 868 tales
1145 813 1303 867 :dehemus
1325 811 1409 880 igitur
1428 809 1565 879 patienter
1582 823 1678 864 eornm
1706 808 1840 878 insipien·

1054 906 1116 958 liant
1133 905 1259 960 tolerare.

1092 1017 1101 1050 t
1121 997 1295 1052 comantem
1312 995 1478 1064 benignitas,
1495 1001 1522 1049 et
1537 992 1696 1047 hutnanitas
1711 994 1839 1061 apparuit

1055 1090 1206 1145 Senatorio
1224 1089 1312 1144 nostri
1335 1087 1382 1142 het
1404 1105 1411 1141 :
1431 1102 1483 1142 non
1499 1101 1532 1141 er
1560 1086 1692 1157 operibns
1715 1085 1840 1156 justitia,

1055 1197 1115 1248 qus·
1136 1181 1250 1236 ieeiutus
1277 1193 1342 1242 ao»,
1372 1177 1420 1233 scd
1442 1174 1592 1234 muudum
1624 1173 1840 1231 mirericordiam

1055 1288 1143 1335 mam.
1160 1274 1308 1329 salrosnos
1320 1271 1394 1328 lecit.
1411 1289 1421 1324 »
1440 1268 1504 1326 Sive
1520 1267 1632 1338 largita»
1649 1267 1843 1324 ntisericotdiae

1057 1364 1115 1432 hcl,
1132 1368 1189 1422 sire
1205 1365 1353 1422 secundum
1370 1363 1508 1418 hominem
1525 1360 1660 1417 Christus.

1094 1476 1104 1511 ι
1125 1460 1177 1517 Per
1197 1460 1336 1516 lavacrum
1366 1454 1579 1527 regenerationis
1606 1461 1635 1509 et
1647 1453 1843 1523 „renotationis

1058 1550 1177 1623 Spiritus
1204 1551 1332 1607 saneti.»
1363 1548 1434 1615 Quia
1459 1564 1508 1605 nos
1523 1546 1771 1618 spiramentum
1798 1562 1845 1619 per

1058 1643 1222 1713 baptismam
1239 1641 1391 1698 renovarit.

1097 1754 1106 1785 t
1126 1734 1212 1802 Quem
1225 1733 1321 1791 ehudit
1337 1734 1364 1790 in
1392 1746 1443 1788 nos
1467 1728 1573 1787 abunde
1592 1743 1642 1800 per
1656 1727 1751 1785 desum
1766 1729 1846 1786 Chri-

175 1888 183 1903 ·
218 1817 403 1871 ostendentes.
423 1833 432 1866 ι
456 1815 520 1869 Siue
544 1815 571 1868 in
597 1813 639 1867 his
657 1827 717 1882 quac
739 1804 794 1867 illis
811 1813 1006 1875 conceduntur,
1059 1828 1457 1884 „umggpmmmnoemffi
1479 1823 1699 1881 ,gguumgug
1718 1837 1801 1895 qum
1820 1822 1847 1878 p,

220 1910 278 1965 sire
295 1919 323 1962 ut
337 1910 365 1960 ιιι
379 1921 461 1976 opero
474 1908 621 1960 ostendant
648 1906 749 1959 honum
765 1917 827 1958 esse
848 1902 920 1972 qoud
942 1918 1006 1957 erc·
1024 1897 1045 1952 ll
1062 1920 1151 1976 qemi
1170 1920 1355 1974 mmmm

221 2002 301 2056 dunt.

259 2091 318 2147 tUl
335 2092 486 2146 doctrinam
512 2086 663 2144 saltatoris
686 2087 773 2142 nostri
798 2086 843 2141 [lei
858 2095 958 2141 ornent
981 2087 1009 2139 in

221 2187 358 2238 outnihns.
375 2203 384 2235 ι
404 2183 470 2236 liunt
487 2197 579 2236 eormn
597 2181 727 2250 oporibus
746 2181 903 2234 laudantur.

260 2276 420 2346 «Apparuit
435 2275 509 2331 enim
524 2276 610 2344 gratia
633 2275 678 2328 hei
704 2288 731 2328 et
757 2272 906 2329 saltatoris
923 2270 1010 2325 nostri

222 2363 526 2422 omnihusltuntinihns.
544 2383 554 2416 »
570 2360 676 2416 Nullam
694 2362 879 2416 conditionem
894 2361 1009 2428 exeipit.

263 2477 272 2510 ι
297 2455 434 2511 Erudiens
456 2471 517 2520 nos,
536 2464 565 2507 nt
592 2453 759 2523 abnegantes
788 2453 954 2522 impietatem
984 2458 1012 2505 et

221 2550 364 2604 saecularia
380 2548 526 2601 desideria.
546 2563 555 2596 ι
584 2543 722 2598 Seculare
746 2556 788 2598 est
805 2560 886 2598 omne
902 2544 1010 2597 deside·

223 2646 292 2697 siunt
308 2641 426 2705 carnale,
446 2648 473 2692 et
487 2640 579 2692 omnis
593 2638 725 2691 intricatio
741 2635 911 2704 temporalis.

260 2752 270 2786 ι
292 2734 400 2787 sobrie.
420 2730 555 2795 reticete,
587 2729 703 2781 littrttintt
729 2728 860 2781 dicente:
880 2724 1013 2778 »iltctttit'te

224 2833 411 2894 »teqrmerttur
426 2821 505 2874 corda
532 2831 616 2874 eertro
639 2821 666 2873 in
694 2817 814 2886 crepula,
834 2812 866 2872 ιι
875 2819 1011 2881 chrimate,

222 2924 247 2969 et
264 2915 336 2967 curis
348 2911 427 2981 itejn»
441 2914 502 2966 viter
514 2908 590 2981 (Lac.
604 2926 660 2975 ιιι,
673 2910 731 2973 δι).

263 3028 272 3061 ι
292 3007 326 3062 Ει
336 3007 414 3074 juste.
432 3015 460 3059 el
473 3006 516 3074 pie
533 3005 657 3058 tirannis
682 3003 711 3056 in
726 3003 778 3055 inte
797 3000 909 3055 saeculo.
929 3015 938 3051 ι
964 2995 1013 3051 ιιι-

223 3100 296 3159 stitia
309 3113 364 3153 »ton
386 3104 566 3167 temperatur,
583 3095 636 3150 nisi
653 3092 742 3163 pietas
753 3091 926 3162 attjnugutur.

262 3208 272 3242 t
295 3190 489 3256 h'tspectautes
504 3185 608 3240 hrotam
622 3197 710 3253 spem.
722 3200 734 3234 »
744 3182 798 3249 Qut
811 3183 872 3251 ejus
887 3183 1013 3235 »inundata

224 3281 405 3338 sertorerint.

263 3391 273 3428 ι
296 3373 329 3427 Et
342 3373 488 3427 adrentum
498 3368 591 3440 gloriae
605 3370 695 3439 »uagni
710 3367 755 3423 llei
766 3379 793 3422 et
802 3364 952 3427 salvatoris
962 3378 1012 3418 no·

225 3465 277 3522 stri
297 3463 359 3520 lesu
373 3463 487 3517 Christi.
506 3481 514 3512 ι
534 3462 666 3530 Spiritum
689 3460 756 3515 dicit
771 3471 898 3526 magnum
919 3455 1013 3522 hetin»,

224 3557 289 3630 qnia
307 3553 758 3625 ipsinsesspectantusadtentum.

264 3667 275 3701 ι
293 3647 345 3715 out
362 3648 436 3701 dedit
449 3645 622 3714 sernetipsom
639 3659 688 3714 pro
709 3643 800 3710 nohis,
823 3651 852 3696 ot
868 3654 918 3694 nos
937 3639 1012 3693 redi·

227 3752 315 3799 meret
336 3745 369 3796 al»
383 3741 458 3795 omni
474 3740 630 3808 iniquitate,
647 3748 675 3792 et
690 3736 835 3791 »nuntiaret
858 3734 909 3788 sihi
926 3747 1013 3801 popu-

227 3835 283 3889 lum
298 3833 507 3898 acceptabilem,
525 3838 690 3887 sectatorem
709 3828 843 3882 honorum
859 3838 983 3894 operum.
998 3841 1007 3873 ι

227 3925 433 3995 Qniasededit,
450 3940 595 3979 careamus
617 3938 652 3980 ne
674 3922 834 3979 beneficium
851 3919 910 3989 ejus
936 3919 1016 3970 inane

227 4033 255 4077 et
269 4021 378 4076 irritum
395 4019 538 4075 iaciamus.

265 4131 276 4165 ι
290 4112 352 4168 lime
365 4113 476 4181 loquere
487 4121 514 4165 et
530 4109 686 4164 exhortare.
708 4124 718 4158 ι
736 4104 832 4160 ilntnis
848 4119 938 4160 sermo
955 4113 1017 4159 tutis
1041 4114 1052 4140 s

229 4207 256 4261 in
274 4206 323 4258 huc
337 4203 528 4260 exhortatione
544 4200 686 4254 consistat.

266 4315 277 4349 t
300 4297 333 4350 lit
344 4311 428 4366 argue
442 4310 504 4348 ctnn
517 4294 591 4346 otnai
603 4293 683 4361 impet
692 4292 727 4344 io.
742 4287 868 4342 »Acriter
880 4298 1017 4357 argueeos

210 4389 275 4459 *qni
292 4390 328 4442 ita
344 4403 399 4443 non
417 4389 521 4441 ritunt.

271 4500 280 4534 ι
301 4480 386 4534 iictno
413 4488 438 4533 te
466 4484 660 4534 contemnat.»
679 4470 774 4526 Talem
791 4482 818 4525 te
844 4467 965 4531 exhibe,
982 4478 1018 4519 ae

219 4572 371 4630 ,contetnni
396 4571 495 4640 possis.
521 4568 580 4624 l'ita
607 4567 680 4621 enim
703 4563 896 4619 auctoritatem
920 4557 1017 4613 trihuit

232 4672 325 4722 setho.

532 4724 646 4783 esent
671 4724 716 4780 ιιι.

230 4830 251 4851 “
271 4866 281 4900 ι
301 4847 424 4901 hdrnone
440 4843 511 4910 illus,
527 4842 696 4913 principibus
713 4850 741 4895 et
758 4835 941 4908 potestatibus
956 4831 1021 4888 sul»-

233 4939 305 4997 ditos
332 4954 402 5002 etse,
421 4938 493 4992 dicto
508 4937 630 4998 ohedire,
669 4934 702 4986 ad
720 4946 800 4986 otune
824 4943 892 4995 opus
918 4929 1020 4979 honum

234 5043 347 5105 paratos
359 5046 430 5085 esse.
449 5048 459 5081 »
479 5025 539 5084 lion
554 5030 587 5081 ud
607 5026 716 5095 aliquod
733 5023 843 5076 utalmn.

274 5141 283 5174 ι
303 5124 443 5177 lientiuetn
459 5121 658 5191 hlaspltemarc.
678 5135 687 5167 ι
703 5111 743 5168 lte
762 5114 823 5165 illus¹
842 5109 949 5177 quidem
975 5103 1021 5176 qni

237 5225 387 5271 tueremur.

275 5326 285 5358 ι
301 5305 360 5360 Non
380 5305 512 5376 litigiosus
525 5316 596 5369 esse,
612 5298 661 5354 »ed
681 5295 830 5352 modestus.
851 5310 860 5343 ι
881 5289 920 5345 Νι
935 5287 1023 5342 sicem

237 5399 385 5464 reddendo,
402 5407 551 5466 provocent
564 5395 651 5448 litem.

183 5471 189 5484 ¹
280 5493 417 5550 tOrtrnem
433 5481 860 5546 ostendentesmansuetudinem
876 5476 909 5530 ιιι
926 5487 1023 5530 omnes

237 5588 373 5643 ltontines.
395 5601 404 5636 ι
423 5582 482 5637 Νοιι
497 5583 584 5637 solun»
599 5579 632 5633 ad
645 5579 744 5642 honos,
765 5574 806 5629 tel
820 5571 852 5625 ad
869 5568 989 5624 amicos.

275 5696 286 5733 ι
301 5677 418 5733 Eratnus
438 5676 511 5731 enin»
526 5673 674 5742 aliqnando
686 5680 713 5724 et
726 5682 780 5722 uos
796 5663 968 5733 ittsipicntes,
986 5659 1027 5713 in-

239 5771 355 5837 creduli,
368 5778 504 5835 errantes,
520 5766 671 5822 sortientes
684 5757 828 5817 desideriis
841 5765 868 5811 ιι
883 5750 1029 5821 uoluptati·

1099 2032 1108 2065 t
1128 2011 1173 2077 ιιι,
1188 2011 1327 2082 juetiheari
1345 2009 1433 2080 gratia
1444 2007 1542 2079 ipsius,
1556 2006 1679 2065 herede»
1693 1998 1795 2073 simui,
1805 2020 1849 2062 se·

1061 2106 1180 2162 cundum
1194 2120 1270 2174 spem
1293 2105 1354 2157 ritae
1371 2112 1491 2157 aeternae.
1507 2117 1519 2152 ι
1543 2099 1603 2156 Non
1623 2099 1774 2156 secundun»
1789 2113 1847 2152 car·

1062 2183 1150 2256 nalem
1166 2197 1349 2252 luereditatetn
1371 2194 1432 2249 ritae
1446 2193 1612 2263 tentporalis.

1099 2310 1110 2343 ι
1133 2289 1231 2347 Fidelis
1246 2302 1337 2343 sermo
1351 2297 1403 2344 est.
1423 2306 1433 2339 »
1453 2285 1494 2341 Ne
1502 2286 1565 2356 quis
1573 2286 1685 2342 duhitct.

1097 2383 1158 2436 tlc't
1184 2385 1216 2437 tle
1241 2381 1284 2436 his
1302 2379 1363 2436 volo
1391 2389 1418 2435 te
1444 2377 1642 2435 oondrtuare.»
1673 2377 1845 2435 confirmare

1062 2480 1206 2543 scientem,
1219 2491 1271 2531 not»
1287 2475 1423 2530 iustruere
1436 2474 1620 2547 ignorantem.

1102 2589 1111 2622 ι
1134 2568 1168 2625 ιιι
1185 2578 1281 2624 curent
1306 2566 1385 2622 hortis
1410 2565 1538 2635 operihns
1565 2581 1681 2633 praeesse
1695 2606 1702 2631 ,
1718 2565 1766 2635 qui
1788 2580 1848 2621 cre·

1064 2665 1132 2718 dunt
1144 2663 1208 2717 heu.
1227 2679 1237 2714 »
1253 2662 1293 2716 dd
1309 2661 1378 2714 hona
1396 2672 1478 2728 opera
1497 2661 1617 2715 docenda
1632 2673 1760 2727 praeesse

1102 2772 1113 2805 ι
1137 2754 1199 2808 Hace
1216 2762 1279 2808 smtt
1302 2751 1372 2806 hona
1389 2758 1417 2804 et
1446 2748 1524 2803 utilia
1555 2750 1751 2806 hominihus.»
1777 2747 1850 2815 linc,

1066 2865 1118 2904 non
1141 2848 1185 2902 illu
1207 2854 1441 2917 quaesequuntur.

1104 2958 1113 2992 t
1134 2939 1236 2993 Stultus
1257 2947 1347 2992 autem
1362 2938 1547 3006 qttaesticnes,
1570 2942 1596 2991 et
1620 2933 1803 3005 genealogias,
1825 2943 1853 2989 ιι

1064 3033 1294 3088 consecutiones.»
1318 3031 1376 3085 h'on
1394 3031 1450 3086 rult
1470 3044 1520 3085 uos
1532 3027 1678 3100 sopetilnls
1699 3034 1851 3084 contentio·

1066 3125 1145 3181 nihus
1174 3125 1316 3194 itttplicari,
1334 3138 1406 3195 quac,
1422 3124 1449 3180 in
1478 3123 1546 3195 lege,
1573 3124 1607 3176 de
1631 3122 1854 3193 generationibus

1027 3255 1049 3310 c
1068 3218 1194 3274 oriuntur
1215 3216 1286 3271 :sed
1301 3217 1358 3272 haec
1382 3215 1456 3286 loqui
1470 3229 1588 3285 semper,
1606 3214 1640 3269 de
1659 3214 1760 3283 quihus
1769 3215 1852 3282 proti-

1066 3309 1138 3362 cient
1156 3308 1308 3362 audientes.

1105 3419 1114 3452 ι
1137 3398 1167 3452 Er
1185 3415 1288 3470 pugnas
1305 3398 1372 3469 legis
1396 3399 1508 3455 desita:
1526 3405 1590 3452 suut
1602 3396 1674 3451 enim
1700 3395 1811 3451 inutile»
1828 3402 1855 3450 et

1066 3508 1151 3547 rttnre.
1165 3511 1174 3543 ι
1188 3491 1274 3557 Quasi
1286 3493 1430 3546 contrariae
1444 3491 1718 3561 oppositiones,quas
1733 3487 1854 3542 haeretiei

1067 3595 1270 3640 cntrsectatttttr.

1104 3696 1114 3729 t
1130 3675 1293 3730 llereticum
1319 3674 1458 3729 hominem
1477 3681 1537 3742 post
1555 3687 1634 3724 »trram
1659 3680 1688 3725 et
1702 3672 1853 3725 secondum

1067 3769 1266 3838 correptionem
1283 3766 1383 3832 desita,
1400 3766 1489 3821 sciens
1504 3767 1567 3835 quia
1582 3765 1729 3820 soltrerstts
1743 3775 1797 3828 est,
1807 3766 1855 3836 qui

1066 3862 1200 3934 ejusmodi
1215 3873 1268 3927 est,
1283 3869 1310 3916 ιι
1323 3860 1468 3929 delinquit,
1483 3873 1545 3914 cnm
1561 3860 1595 3912 sit
1616 3858 1725 3928 proprio
1748 3857 1854 3925 judicio

1068 3957 1276 4012 condemnatus.
1295 3973 1305 4006 »
1329 3953 1385 4008 Nec
1402 3953 1473 4008 circa
1487 3952 1560 4023 ipso»
1583 3967 1634 4007 nos
1647 3952 1775 4021 occupari
1791 3966 1855 4022 per·

1069 4051 1163 4113 mittit,
1180 4048 1203 4103 si
1221 4048 1339 4118 correpti
1354 4047 1452 4102 iterum
1469 4060 1524 4100 non
1535 4043 1718 4113 corrigantur,
1738 4058 1773 4097 ne
1788 4053 1856 4096 tent·

1068 4159 1118 4215 pus
1133 4141 1206 4197 inani
1227 4142 1401 4197 contentione
1415 4139 1577 4211 perdutnus;
1595 4147 1622 4194 et
1636 4137 1737 4206 aliquid
1747 4137 1857 4205 proprio

901 4250 913 4277 ι
1066 4236 1168 4308 judicio
1184 4244 1299 4291 conatus
1316 4233 1386 4289 nihil
1399 4232 1508 4296 ediciet,
1519 4231 1582 4301 quia
1594 4228 1742 4299 uuicuique
1766 4233 1856 4282 »nanct

1068 4328 1302 4392 lihertasarhltrti,
1315 4338 1343 4382 et
1354 4326 1479 4381 lutticnlis
1490 4334 1662 4393 pcccatorum
1672 4320 1861 4390 uniusquisque

1069 4424 1278 4492 constringitur.

1110 4533 1121 4566 ι
1139 4515 1208 4569 Cum
1227 4512 1326 4566 ntisnro
1338 4509 1371 4563 au
1390 4517 1415 4561 te
1430 4506 1569 4561 Artemam
1583 4510 1631 4558 aet
1641 4499 1805 4573 Tycltieutn,
1820 4502 1860 4556 le·

1037 4616 1058 4670 t»
1073 4608 1145 4663 »sinu
1156 4605 1191 4659 ad
1207 4618 1250 4658 me
1262 4600 1355 4656 tenire
1367 4598 1517 4669 Nicopolim
1532 4614 1539 4651 ι
1557 4594 1594 4650 ιιι
1606 4595 1679 4648 enitn
1693 4594 1778 4648 statui
1795 4594 1856 4647 hie·

981 4776 984 4783 Ι
1075 4714 1159 4754 utare.
1175 4695 1274 4750 zenan»
1292 4690 1475 4764 legisperitum
1496 4699 1525 4745 et
1543 4686 1639 4759 Apollo
1655 4685 1775 4742 sollicite
1791 4699 1859 4753 pra·

1076 4791 1165 4856 mitte,
1182 4798 1210 4841 nt
1225 4786 1292 4843 nihil
1308 4786 1362 4840 illis
1386 4783 1496 4838 desit.»
1524 4779 1560 4836 Ut
1583 4777 1651 4834 nihil
1679 4777 1797 4846 perdant
1823 4775 1858 4830 de

1073 4882 1163 4937 lrttctu
1178 4877 1310 4933 doctrinm
1329 4874 1482 4930 tardantes.

1113 5013 1122 5046 t
1145 4994 1254 5050 hiscant
1268 5000 1359 5045 autern
1368 5001 1396 5044 et
1410 4987 1493 5044 uestri
1506 4986 1587 5043 honis
1597 4986 1727 5056 operihos
1742 4998 1858 5052 praeesse

1074 5085 1109 5142 ad
1139 5100 1203 5141 usus
1236 5082 1417 5146 necessarios,
1437 5089 1465 5133 ut
1492 5094 1544 5134 non
1572 5078 1628 5132 siut
1655 5073 1857 5132 inhaerenti.»

1074 5179 1197 5249 idipsum
1221 5174 1339 5249 repetit,
1363 5172 1435 5244 quod
1462 5170 1589 5241 superius
1604 5170 1710 5223 diterat
1731 5186 1741 5222 .·
1761 5166 1857 5222 Ctrreat

1076 5273 1150 5326 horti»
1164 5270 1287 5338 operibus
1308 5281 1419 5337 pressae
1432 5265 1578 5320 credente».

1118 5382 1127 5415 ι
1151 5364 1274 5418 Sulntant
1304 5370 1329 5416 te
1346 5358 1390 5427 qui
1425 5371 1529 5412 meeum
1555 5363 1742 5407 suntomues.
1769 5350 1859 5406 Saluta

1076 5473 1124 5514 eos
1149 5456 1195 5526 qui
1213 5470 1261 5509 uos
1281 5461 1374 5507 antant
1389 5450 1416 5505 itt
1433 5448 1496 5504 lide.
1514 5446 1608 5502 Gratia
1629 5445 1677 5500 het
1700 5460 1763 5499 eum
1778 5443 1862 5497 outrti·

1078 5553 1129 5606 hus
1148 5549 1235 5604 vohis.
1252 5547 1350 5602 Anten.
1366 5563 1376 5596 r
1395 5543 1448 5611 Qui
1478 5556 1528 5597 nos
1541 5539 1660 5597 lldeliter
1681 5548 1787 5603 amant,
1807 5539 1863 5590 site

1079 5645 1125 5714 qui
1144 5641 1208 5697 hdei
1223 5652 1305 5695 causa
1323 5651 1373 5693 nos
1388 5644 1492 5690 aurant.
1510 5631 1663 5688 Notandum
1677 5630 1751 5702 quod
1764 5629 1864 5703 excipit

1080 5736 1215 5808 apostolos
1233 5747 1303 5804 quos
1317 5733 1427 5789 salutat.
