4109 6434
208 399 262 463 855

679 361 952 462 suumomni
973 401 1135 468 orntum
1153 390 1360 472 uaurtssn'·

1787 414 1842 478 856

245 529 256 567 ι
275 509 329 570 Sed
345 485 483 583 utromodo
496 518 561 566 tuuc
582 509 618 577 ie,
635 512 682 580 uui
709 513 859 569 secumdum
874 529 987 572 carnem
1008 527 1075 596 get
1108 521 1175 580 ddcs
1202 534 1335 595 operatur.
1348 537 1398 596 per
1422 525 1593 597 charitatem,
1609 542 1663 585 uon
1695 543 1746 597 per
1764 533 1846 591 timo·

207 616 287 662 natus
301 603 423 661 lucrata
442 602 555 674 Semper
577 604 700 660 carnales
723 604 848 662 bomines
870 621 919 662 eos
948 605 995 677 gari

207 694 386 766 spiritualiter
411 702 475 748 surrt
501 706 713 765 persequuntur.
736 694 814 752 Unde
830 697 995 753 mirumnon

207 799 263 853 est,
284 788 307 845 ai
324 787 404 842 modo
420 785 513 841 carnei
535 795 562 841 et
576 787 724 843 saeculares
747 788 872 844 horariues
886 801 996 845 sanctos

207 880 348 944 tribulent,
363 889 390 936 et
406 879 545 950 adligant;
574 881 629 936 imo
647 879 711 936 inde
727 882 909 952 cognoscendi
932 893 997 937 suut

204 974 271 1044 iusti
286 987 359 1038 esse,
373 973 396 1028 si
413 986 428 1025 a
444 972 548 1028 talibus
563 973 763 1044 opprimantur.

245 1086 255 1120 ι
272 1054 577 1134 Perseouebaturcum,
603 1067 649 1137 qui
662 1066 813 1122 secundum
828 1065 968 1137 spiritum.
984 1086 995 1120 ι

205 1159 235 1214 ln
247 1159 347 1216 Genesi
362 1159 475 1230 quidem
495 1159 546 1215 boo
560 1159 692 1229 scriptum
708 1168 750 1216 cst
767 1178 774 1216 ε
790 1159 861 1228 Quis
875 1161 998 1217 illuserat

208 1252 289 1308 lroue
302 1251 401 1308 ismael
411 1252 489 1320 (Gerr.
509 1269 566 1321 ut,
581 1253 610 1325 9)
624 1268 633 1320 ;
650 1253 699 1308 sed
716 1253 864 1324 Apostolus
877 1253 998 1309 ostendit

206 1364 261 1403 non
277 1347 428 1420 simplicem
447 1347 538 1403 lusum
562 1347 660 1413 luisse,
678 1362 760 1417 *ortem
779 1348 997 1418 persecutionem

207 1442 334 1512 appellat.
351 1440 573 1508 Quiascurrilem
603 1458 676 1507 eum,
693 1451 721 1497 et
735 1442 836 1507 levem,
853 1443 999 1510 sicutipse

207 1543 278 1597 erat,
294 1532 386 1588 lacero
400 1532 527 1603 cupiebat
544 1550 551 1592 r
570 1548 604 1589 ue
627 1534 664 1589 illi
681 1532 770 1603 possit
791 1533 818 1586 in
840 1534 999 1589 hereditate

206 1623 340 1694 praeierri.
372 1623 434 1679 idco
454 1625 596 1679 Abrabam
620 1621 776 1693 dejiciendo
793 1639 875 1692 ¹eraut,
902 1637 997 1679 vocent

208 1715 283 1772 Sarae
296 1716 373 1788 jubet
390 1717 484 1771 audire
508 1714 591 1786 (litu.
615 1715 671 1784 le).

244 1826 254 1860 ι
268 1808 347 1862 itaet
366 1823 449 1862 rrunc.
464 1826 473 1860 ι
491 1806 530 1861 lta
547 1817 574 1862 ct
586 1807 632 1863 isti
644 1823 810 1865 seruossuos
828 1808 880 1865 sibi
893 1808 999 1865 similes

207 1897 296 1954 lacere
312 1900 444 1955 nituntur.

247 2011 257 2045 ι
269 1994 321 2048 Sed
330 1994 394 2063 quid
403 1994 468 2049 dicit
481 1995 641 2064 Scriptura?
653 1994 727 2064 Ejioe
736 1994 862 2050 ancillam
873 2004 899 2048 et
911 1994 995 2048 illium

207 2081 267 2150 aior
283 2100 290 2136 ι
304 2098 357 2137 nou
372 2084 443 2138 euim
459 2084 546 2138 lraeres
562 2085 614 2138 crit
637 2084 707 2137 iliius
730 2083 846 2146 ancillae,
860 2097 922 2137 curn
940 2081 997 2134 lulio

207 2174 311 2233 liberae.
326 2194 336 2227 ι
353 2175 535 2241 erantumris
551 2190 580 2231 sc
611 2177 714 2231 exullut
738 2176 882 2244 iniquitas,
898 2173 997 2229 anciila

206 2276 259 2331 cst,
277 2276 304 2322 et
329 2267 500 2333 subiicienda
517 2268 620 2322 sanctis
635 2267 706 2322 sicut
724 2279 751 2322 ct
767 2267 852 2322 lurlaei
874 2283 881 2319 :
899 2280 997 2334 uuanr·
1027 2340 1030 2344 Ι

205 2364 248 2417 ris
260 2363 377 2417 Abrabae
398 2363 467 2417 lilius
479 2377 510 2417 sc
525 2363 633 2433 jactant
660 2360 752 2432 (locor.
769 2375 827 2424 rur,
852 2360 887 2414 35
902 2358 996 2427 segg),

206 2453 326 2522 qrramliu
347 2453 394 2506 uiti
411 2452 519 2506 ancilaa
539 2452 652 2514 luerint,
682 2451 824 2504 nobiscum
853 2446 998 2502 haeredita«

206 2557 260 2600 tem
281 2545 383 2599 babere
396 2560 448 2597 uon
467 2550 592 2611 possunt.

245 2657 255 2689 ι
283 2637 388 2707 ltaque,
408 2636 520 2699 iratres,
537 2650 592 2687 nun
622 2648 718 2688 suums
742 2631 845 2686 ancillae
864 2631 925 2692 iiiii,
951 2630 1000 2684 scd

206 2731 319 2786 liberare
339 2746 392 2797 qua
408 2730 532 2782 libertato
549 2743 597 2781 uos
614 2726 742 2781 Christus
756 2725 892 2779 liberarit.
910 2742 919 2776 ι
938 2721 998 2776 Non

207 2825 339 2879 debemus
353 2821 479 2876 ancillam
494 2820 584 2889 sequi,
610 2828 697 2873 matre
711 2817 816 2880 relicta,
834 2816 909 2886 quia,
935 2815 999 2869 licet

205 2916 328 2985 ejusdem
345 2914 395 2968 riri
412 2913 493 2968 luerit
517 2928 596 2976 usur,
616 2920 710 2965 tamen
730 2910 763 2963 ad
793 2917 910 2977 tempus,
935 2908 998 2976 quia

207 3008 282 3063 Sarae
298 3017 404 3078 tompus
421 3007 540 3062 nondum
557 3014 670 3060 uenerat
685 3002 844 3073 generandi.

513 3165 629 3224 CAPUT
663 3165 695 3221 V.

245 3305 254 3335 ι
272 3286 391 3346 State,et
406 3286 489 3339 nolite
500 3288 596 3338 itcruru
608 3283 672 3353 jugo
681 3281 820 3338 seruitutis
831 3279 991 3335 contineri.»

212 3380 288 3435 State
301 3381 327 3434 iu
344 3380 395 3434 lide
413 3378 565 3448 Evangelii,
578 3377 637 3446 ¹jam
648 3379 719 3430 cuim
736 3385 843 3444 tempus
861 3373 927 3441 legis
958 3371 998 3425 cl·

206 3475 287 3528 unm
305 3492 312 3529 :
327 3473 411 3526 nolite
426 3473 523 3540 iugum
540 3485 602 3525 cum
617 3467 719 3524 Judaeis
736 3470 855 3530 trabere,
866 3468 937 3534 qarod
948 3478 997 3519 nce

205 3566 258 3634 ipsi
277 3564 349 3618 serre
372 3572 497 3633 possunt.

245 3674 256 3711 t
282 3656 353 3712 Ecce
376 3672 425 3728 cgu
439 3656 539 3710 Patrius
568 3654 628 3710 dieu
644 3653 731 3707 uobis.
759 3671 767 3703 r
786 3651 841 3719 Ego
859 3649 934 3705 uobis
951 3663 998 3702 au·

207 3752 303 3806 cleriter
332 3749 553 3815 dico,ncruincrn
574 3747 784 3817 pertimescens.
926 3722 934 3749 ⁸

245 3840 408 3908 «Quoniam
439 3840 462 3895 si
486 3836 736 3902 circumcidamini,
768 3834 896 3891 Clrristus
922 3832 999 3888 robis

205 3933 275 3989 nibil
293 3932 420 4002 proderit.
440 3948 449 3982 ι
467 3912 535 3996 Quia
548 3930 635 3986 solum
650 3927 726 3982 illum
743 3925 778 3981 ad
791 3924 907 3982 salutem
920 3923 1000 3979 uobis

207 4025 332 4083 sufficere
347 4041 399 4080 uon
413 4024 526 4095 putatis.

248 4139 259 4172 ι
282 4118 430 4175 Testillcor
453 4129 543 4172 autent
565 4130 660 4187 rursus
676 4114 749 4170 omni
763 4112 1001 4188 bominicircum-

208 4212 310 4267 ridenti
334 4226 374 4273 sc,
397 4209 527 4280 quoniam
544 4207 653 4262 debitor
668 4214 710 4262 est
725 4205 860 4261 universae
876 4203 944 4272 legis
960 4201 1001 4258 la·

208 4305 323 4360 ciendae.
345 4322 355 4356 r
370 4303 420 4370 Qui
434 4312 514 4372 caput
529 4314 643 4370 operum
657 4299 726 4368 legis
740 4298 870 4367 suscepit,
888 4309 1001 4351 neccsse

209 4404 292 4451 estut
305 4404 403 4450 caetera
419 4392 542 4448 nreurbra
559 4392 705 4455 sustineat,
722 4405 756 4444 ue
774 4386 921 4445 maledicto
935 4389 1000 4442 sub-

207 4493 309 4563 laceat.

1049 629 1139 678 rom:
1167 618 1213 686 qui
1234 618 1409 674 enimcredit
1430 619 1496 687 lieo,
1522 621 1637 676 attendit
1668 623 1808 682 mandatis
1836 642 1846 686 ς

1049 722 1113 762 nam
1135 709 1180 778 qrti
1199 711 1286 764 credit
1312 709 1424 777 laturis,
1451 710 1570 783 atriplius
1604 723 1738 785 operatur
1760 731 1845 785 quarn

1049 801 1095 869 qul
1117 811 1278 868 presentem
1306 803 1403 858 metuit
1427 817 1547 872 pteram.

1089 910 1100 945 r
1113 891 1275 951 Currebatis
1285 896 1364 952 bene.
1380 912 1390 947 ι
1401 895 1479 952 Fidei
1491 897 1641 969 gressibus,
1652 909 1680 954 et
1692 900 1848 957 moralibus

1049 983 1214 1052 disciplinis,

1088 1094 1098 1129 ι
1131 1076 1198 1144 Quis
1216 1093 1266 1134 ros
1284 1079 1425 1150 impedivit
1448 1081 1555 1136 veritati
1581 1080 1691 1137 obedire
1707 1084 1747 1136 ,ἰ
1778 1084 1848 1149 Quis

1049 1166 1095 1223 ille
1110 1168 1163 1223 luit
1172 1171 1218 1240 qui
1230 1184 1278 1226 ros
1291 1170 1358 1240 legis
1372 1170 1501 1238 operibus
1514 1172 1673 1242 implicarit,
1689 1187 1721 1228 ut
1732 1188 1847 1229 cursum

1049 1269 1148 1315 vestre
1165 1258 1228 1315 fidei
1245 1261 1418 1330 impediret?

1088 1369 1098 1404 ι
1128 1349 1236 1407 Nemini
1261 1353 1469 1425 eorrseneeritis.
1491 1352 1637 1408 Persuasio
1654 1354 1713 1407 brec
1728 1368 1782 1409 non
1803 1359 1848 1407 ert

1049 1459 1083 1498 ex
1103 1459 1135 1499 eo
1158 1445 1204 1514 qtri
1231 1453 1308 1499 rorat
1331 1460 1389 1499 uos.
1414 1444 1581 1512 allecium,
1608 1461 1658 1501 ucc
1675 1446 1757 1510 nrilri,
1785 1448 1848 1502 sine

1050 1535 1140 1591 uerbis
1160 1536 1207 1590 liei
1224 1537 1380 1593 couscutire
1401 1538 1505 1593 debetis
1525 1555 1532 1594 :
1561 1539 1605 1607 qui
1624 1553 1671 1592 ros
1695 1537 1846 1594 iterumad

1049 1628 1235 1698 poeuiteutiam
1254 1639 1343 1683 uocat.

1089 1739 1098 1771 ι
1114 1718 1247 1774 ttoutcum
1261 1720 1422 1774 lernaeutuur
1434 1716 1517 1774 tutam
1530 1702 1647 1776 massam
1660 1721 1844 1792 corrumpit.r

1050 1807 1090 1864 Nc
1118 1809 1179 1879 quis
1197 1810 1302 1865 diceret
1323 1828 1329 1865 :
1356 1812 1413 1865 iiur
1435 1827 1531 1867 omues
1554 1813 1680 1882 corripis,
1700 1811 1766 1865 datur
1792 1827 1846 1865 nou

1013 1885 1146 1956 Bomnes
1163 1911 1328 1957 erraverunt
1343 1901 1356 1954 i
1374 1899 1501 1958 Ostendit
1529 1904 1601 1972 quod
1628 1904 1770 1957 modicum
1788 1917 1846 1955 ma-

1050 1993 1116 2048 tiriae
1132 1994 1305 2058 iermcutum,
1320 2002 1404 2048 totam
1418 1997 1504 2065 possit
1517 1994 1667 2051 Ecclesiam
1682 2007 1709 2051 et
1725 2008 1846 2051 massam

1050 2098 1128 2137 stratu
1141 2099 1156 2136 a
1170 2085 1286 2140 veritato
1301 2100 1487 2154 corrrrruperc.

1089 2192 1098 2224 ι
1121 2173 1178 2244 Ego
1192 2174 1299 2228 conlido
1314 2175 1340 2227 iu
1360 2177 1448 2239 rubis,
1468 2177 1496 2230 in
1528 2176 1654 2239 Domino,
1681 2179 1759 2247 qrrotl
1778 2176 1847 2234 nibil

1050 2266 1124 2320 aliud
1141 2266 1264 2334 sapietis.
1287 2286 1296 2318 ι
1315 2267 1402 2333 Qucum
1423 2268 1503 2322 lralrct
1519 2270 1620 2323 veritas
1637 2268 1753 2322 Clrristi.

1088 2375 1098 2408 ι
1111 2357 1162 2421 Qui
1174 2367 1266 2412 autum
1282 2359 1428 2414 corrturbat
1440 2375 1487 2415 ros
1500 2361 1617 2428 portabit
1628 2361 1776 2432 judicium,
1790 2361 1847 2431 qui·

1050 2463 1158 2518 ounqttc
1171 2457 1214 2504 est
1227 2449 1281 2505 ille.
1297 2470 1306 2501 r
1322 2452 1363 2503 lllr
1384 2451 1520 2520 Evangelii
1539 2453 1662 2508 ueritate.

1089 2561 1098 2592 r
1119 2541 1176 2612 Ego
1202 2553 1304 2609 auteur,
1323 2544 1435 2607 iratres,
1450 2545 1473 2598 si
1499 2544 1739 2601 circumcisionem
1758 2547 1848 2601 arillae

1050 2637 1179 2706 praedico,
1197 2638 1263 2706 quid
1279 2640 1366 2692 aeliruc
1380 2641 1600 2708 persecutionem
1613 2640 1751 2707 patioris
1770 2638 1848 2704 Quod

1050 2730 1083 2784 dc
1103 2732 1245 2802 merobis
1270 2733 1375 2786 mentiti
1395 2741 1459 2786 suru
1472 2733 1642 2801 deceptores,
1668 2733 1706 2786 ita
1723 2748 1768 2785 me
1784 2732 1848 2787 aliis

1051 2823 1210 2892 praedicare.
1239 2822 1309 2889 Quid
1338 2823 1559 2893 persecutionem
1591 2824 1692 2893 patior,
1704 2822 1726 2877 si
1756 2822 1850 2891 ipsius

1052 2913 1274 2969 circumcisionis
1290 2931 1348 2986 uon*
1359 2915 1488 2969 iuimicus
1504 2930 1575 2977 sum,
1590 2924 1619 2968 ut
1636 2914 1812 2968 affirmatur?

1091 3028 1099 3059 ι
1121 3009 1192 3075 ljrgu
1209 3021 1370 3063 evacuatum
1387 3020 1429 3061 cst
1448 3009 1609 3064 scarrdalum
1625 3009 1740 3062 crucis?
1757 3027 1766 3060 ι
1786 3010 1850 3062 idco

1053 3102 1213 3156 scaruinlmu
1231 3102 1373 3171 pntiuutur
1392 3117 1399 3154 :
1415 3100 1481 3164 nula
1499 3101 1524 3155 iu
1543 3101 1599 3154 sula
1616 3099 1850 3158 ltdecrucisdico

1052 3209 1113 3249 esse
1132 3195 1259 3246 salutern.

1092 3302 1101 3333 ι
1121 3283 1230 3337 Utinam
1251 3284 1447 3339 abscindantur
1459 3283 1505 3352 qrri
1521 3298 1569 3336 ros
1587 3283 1769 3336 couturimut.
1787 3300 1795 3331 r
1813 3281 1854 3335 Si>

1053 3384 1149 3444 pritaut
1160 3375 1210 3429 silai
1221 3376 1271 3429 lanc
1281 3378 1421 3445 prodesse,
1435 3391 1487 3429 uon
1498 3374 1585 3429 solum
1599 3374 1847 3435 circumcidarunt.

1052 3470 1101 3524 scd
1115 3470 1196 3523 etiam
1207 3471 1419 3525 ulasciruluutur:
1435 3470 1458 3523 si
1470 3469 1541 3522 euim
1553 3468 1712 3535 exspoliaris
1730 3465 1847 3521 ruerrrbrl

1052 3562 1169 3632 prolicit,
1182 3563 1266 3615 multu
1280 3563 1363 3633 stragis
1376 3561 1498 3615 abolitio.
1514 3558 1628 3627 erldmu
1655 3560 1765 3613 dicunt:
1789 3556 1846 3613 titi·

1054 3670 1216 3709 trarucrrorc
1238 3655 1354 3709 altscissi
1387 3655 1510 3708 ueritatis
1529 3651 1844 3707 radicibusinscrantur.

1092 3769 1101 3801 ι
1121 3747 1176 3801 i'us
1190 3749 1262 3802 eninr
1282 3750 1308 3802 iu
1326 3749 1478 3803 libertatem
1503 3749 1592 3801 vocati
1621 3747 1703 3810 ostis,
1721 3745 1841 3808 iratres:

1054 3852 1160 3896 ιιιιιιιιιιι
1175 3858 1208 3896 ue
1221 3841 1376 3896 libertatern
1391 3841 1418 3895 iu
1435 3842 1608 3896 occasionem
1627 3839 1701 3894 detis
1717 3838 1837 3892 caruism

1054 3933 1172 3988 Territum
1191 3948 1224 3988 ue
1244 3949 1293 4002 pcr
1311 3932 1484 3988 occasionem
1499 3929 1718 3986 circumcisionis
1736 3926 1836 3996 adlegit

1055 4027 1196 4080 servitium
1210 4025 1341 4081 redeatis.

1096 4135 1107 4169 ι
1127 4117 1181 4171 Sed
1194 4133 1242 4187 per
1256 4118 1417 4172 charitatem
1440 4115 1552 4185 spiritus
1570 4115 1674 4169 servite
1687 4115 1807 4170 inuicem.
1820 4127 1829 4163 r

1054 4209 1114 4269 Non
1131 4211 1286 4281 superbiam
1311 4225 1360 4281 per
1380 4210 1497 4278 speciem
1515 4208 1652 4265 libertatis
1665 4199 1829 4267 insinuasti

1057 4312 1238 4376 spontaneum
1265 4316 1327 4357 osse
1343 4301 1405 4356 roto
1428 4300 1582 4367 servitium,
1602 4315 1660 4355 non
1675 4309 1800 4356 coactum.

1095 4416 1104 4448 ι
1131 4394 1227 4450 Omnis
1245 4395 1319 4449 enim
1346 4395 1389 4451 lex
1409 4395 1436 4450 iu
1464 4410 1518 4452 uuo
1533 4411 1663 4452 sermone
1675 4394 1822 4464 impletura

1057 4488 1138 4558 Legis
1161 4488 1246 4541 ctiam
1259 4487 1317 4555 ipsa
1345 4488 1469 4551 muralia,
1494 4503 1667 4558 quaecuuque
1693 4499 1766 4549 suut,
1785 4492 1823 4537 mo

248 4603 259 4640 ι
278 4582 405 4638 Eracuati
422 4581 489 4637 estis
506 4576 720 4645 allocuturum
745 4578 771 4630 in
789 4576 848 4645 iege
863 4571 999 4644 Justillca·
1017 4591 1041 4651 υ
1056 4590 1173 4654 possunt
1189 4594 1317 4635 sermono
1333 4581 1470 4647 congrunt,
1488 4590 1516 4636 er
1531 4582 1557 4636 ῑῃ
1574 4596 1629 4637 uuo
1649 4583 1701 4637 boe
1716 4581 1823 4651 pfaeeepto

210 4680 287 4743 mini,
306 4695 320 4733 a
337 4679 426 4750 gratia
442 4675 619 4731 excidistis.»
638 4673 667 4727 Si
685 4673 710 4726 in
726 4671 784 4741 lege
799 4684 874 4738 spem
887 4669 999 4740 ponitis,

213 4785 241 4829 et
254 4772 407 4841 iristibcarc
428 4785 509 4840 posse
533 4783 583 4823 uos
607 4766 730 4832 creditis,
746 4763 883 4818 infirmam
900 4762 1002 4817 Clrristi

212 4868 327 4940 gratiam
351 4862 506 4933 judicatis:
530 4870 557 4916 et
583 4860 724 4930 qrrodjanr
751 4858 837 4928 gratis
861 4853 1003 4910 consecuti

212 4959 292 5026 estis,
308 4968 435 5030 tenqrram
463 4970 515 5009 uon
531 4953 674 5019 lrabeuteS,
691 4950 810 5022 propriis
825 4948 908 5003 vultis
923 4947 1002 5004 lelio·

175 5050 179 5059 '
211 5048 424 5118 ribusauipiscl.

250 5162 259 5196 ι
278 5142 334 5198 iios
345 5141 419 5196 cuim
437 5138 535 5210 spiritu
550 5152 583 5192 ex
598 5135 652 5191 boe
670 5146 746 5204 spem
761 5131 875 5204 justitiae
905 5142 1002 5200 esspe-

211 5245 344 5294 olannus.»
360 5232 498 5306 Spuituali
515 5225 859 5298 eonversattoucpcrtccree
872 5224 933 5280 ildei
944 5238 1006 5294 spe·

212 5345 306 5387 ramus
330 5341 380 5385 uos
403 5326 518 5402 justitiae
548 5323 732 5380 irnruortaiem
754 5329 916 5392 accepturos
941 5331 1005 5374 esse

213 5423 378 5479 mercedem.

251 5533 262 5568 ι
285 5514 353 5571 Nam
377 5507 727 5577 inconcussumque
756 5503 932 5560 circuuncisio
956 5501 1005 5557 ali-

214 5608 280 5677 quid
296 5586 378 5672 valet,
394 5617 484 5674 aequae
500 5599 673 5672 praeputium.
694 5615 702 5651 r
723 5592 816 5665 Neque
831 5592 1006 5649 circumcisio

213 5701 344 5775 prodest,
361 5713 412 5755 uec
436 5695 599 5767 preputium
627 5699 707 5747 uocet
729 5687 898 5758 ternporibue
925 5684 1005 5742 Cirri-

217 5794 326 5851 atianis.
1021 5828 1026 5836 .

254 5900 264 5940 ι
288 5883 340 5944 Sed
354 5881 431 5952 iidcs,
451 5893 510 5953 quae
524 5874 887 5950 percurritatemuperuur.
909 5890 918 5925 ι
935 5868 1006 5944 Ergo

1055 4672 1202 4744 compleri.

1096 4784 1105 4817 ι
1120 4766 1218 4836 Diligcs
1230 4766 1384 4835 proximum
1398 4770 1485 4818 trrrtru.
1504 4783 1513 4813 r
1526 4763 1651 4828 Dilectio,
1664 4765 1705 4819 rcl
1717 4761 1820 4820 cbariltb

1056 4858 1083 4911 in
1095 4855 1310 4925 quatuorurodis
1319 4854 1446 4910 cotrsistit
1456 4871 1463 4921 ;
1473 4854 1524 4910 hoc
1535 4865 1587 4923 est,
1598 4856 1624 4909 in
1638 4853 1685 4910 oet
1694 4853 1820 4911 dilectius

1056 4960 1118 5020 qua
1136 4946 1222 5016 prima
1235 4956 1298 5011 est;
1315 4946 1446 5008 secunda,
1464 4946 1486 5000 si
1499 4945 1684 5014 nosmetipsos
1699 4942 1820 5000 nmuuuu

1056 5037 1140 5093 Deum
1158 5052 1303 5105 amemus;
1332 5039 1423 5101 tersia,
1440 5037 1605 5109 proximos;
1633 5047 1743 5109 quarta,
1763 5034 1822 5092 etilo

1057 5130 1195 5188 inimicos.
1211 5132 1298 5187 licum
1315 5146 1379 5201 ergo
1403 5129 1547 5202 plusquam
1565 5145 1616 5187 nos
1630 5133 1745 5202 diligero
1766 5126 1823 5185 tete

1056 5236 1136 5290 mus;
1145 5222 1308 5292 proximum,
1323 5221 1452 5279 sicrrtnos
1462 5238 1471 5289 ;
1480 5220 1632 5288 inimicum,
1645 5223 1823 5292 utprorlnru·

1056 5313 1201 5370 Proximus
1221 5313 1385 5395 diligebatur
1400 5312 1428 5369 in
1447 5314 1526 5386 lege,·
1547 5323 1577 5370 et
1588 5314 1642 5370 nisi
1659 5313 1745 5370 Deum
1759 5312 1826 5386 prim

1058 5407 1245 5477 dilexerimus,
1266 5423 1317 5464 nos
1335 5407 1447 5464 minime
1473 5422 1621 5480 possumus
1638 5423 1692 5463 non
1710 5401 1827 5480 peccarit

1059 5500 1192 5571 diligere:
1207 5509 1234 5556 ct
1248 5514 1299 5555 nos
1315 5499 1461 5570 diligamus
1473 5499 1507 5554 ad
1523 5513 1604 5571 quam
1621 5499 1741 5554 lormana
1754 5493 1827 5572 proni·

1058 5610 1119 5652 mos
1147 5594 1303 5664 diligimus,
1321 5594 1394 5663 guod
1424 5594 1447 5649 si
1466 5593 1605 5663 proximos
1637 5608 1692 5648 nnn
1710 5601 1827 5651 attremat.

1058 5687 1167 5755 quando
1181 5685 1323 5740 inimicum
1352 5698 1446 5740 arctare
1462 5683 1630 5755 poterimus?
1646 5682 1674 5738 Si
1692 5696 1758 5754 ergo
1769 5679 1830 5735 rolr-

1059 5794 1120 5835 mus
1140 5778 1316 5834 dilectionem
1344 5774 1457 5844 babere,
1482 5775 1571 5845 primo
1595 5775 1681 5832 Deum
1706 5775 1832 5846 ptusque·

1060 5868 1284 5926 nostrasauiruas
1301 5871 1471 5940 ortrgamus;
1490 5865 1563 5938 qrroo
1579 5864 1645 5923 inde
1669 5855 1831 5938 probaturi
