4109 6434
215 470 269 536 stt
694 466 728 528 S.
749 466 971 528 uttuottt'utt
989 465 1152 528 ortlutttt
1172 462 1374 529 uetuisse.
1787 461 1844 524 828

209 599 262 654 rpre
281 583 386 650 habuit,
400 592 428 639 et
458 583 491 639 do
509 581 662 637 ministerio
677 582 751 652 qrrotl
765 579 795 636 it
822 581 848 636 in
876 594 1000 647 sanctos,
1016 597 1038 651 ,ι
1053 600 1125 647 cors.
1140 598 1201 640 eum
1218 601 1272 640 non
1287 585 1382 650 habet.
1394 583 1439 640 oui
1453 583 1529 647 clare,
1552 585 1595 639 rel
1611 583 1752 654 quomodo
1778 559 1845 640 duro

209 680 275 750 agit.
559 688 562 695 '
826 717 828 721 v
1050 676 1193 732 doceatur.

248 769 416 826 «Serlslcut
437 768 761 824 iuomniltusalrundatir
790 769 854 833 irie.
882 777 908 823 et
936 784 997 825 ser·
1088 768 1166 835 reri
1196 769 1314 826 multum
1343 770 1452 838 lralruit,
1471 787 1528 826 nou
1552 769 1725 827 sbrrnorrtt:
1744 780 1774 826 et
1797 773 1844 840 osi

210 858 484 924 rrrune.ctscientia;
499 859 568 914 etin
584 859 657 912 omni
676 857 870 923 sollicitudine,
887 859 999 929 insuper
1051 859 1198 922 modicum.
1215 875 1269 914 non
1289 860 1447 917 minoravit.
1461 878 1471 914 r
1488 863 1526 917 lie
1540 877 1640 916 manna
1660 861 1717 916 lroc
1732 863 1843 924 dicitnr.

205 963 237 1006 et
252 951 386 1007 charitate
400 960 491 1005 restro
511 951 538 1006 in
557 966 617 1006 nos.
633 948 723 1005 illota
743 964 803 1005 cunt
819 951 873 1008 litio
901 953 998 1008 seien-
1050 950 1123 1019 qnoo
1145 949 1253 1018 accepit
1278 951 1393 1021 populus
1420 951 1448 1008 iu
1475 951 1594 1016 deserto.
1617 953 1700 1021 cuins
1721 954 1844 1024 exemplo

206 1046 274 1100 tiam
296 1042 546 1100 esselaurialrilcm.
1050 1041 1181 1095 docemur
1214 1041 1285 1111 quod
1327 1044 1416 1100 omnis
1452 1045 1702 1116 superabundantia
1734 1058 1844 1115 generet

247 1152 257 1186 r
274 1132 310 1190 L't
321 1143 349 1189 ot
363 1139 389 1189 in
402 1133 550 1202 integratio
566 1131 723 1189 abundetis.
743 1152 753 1185 ι
772 1132 881 1190 Neeum
892 1133 919 1188 in
932 1132 998 1190 aliis
1050 1148 1167 1188 rennes.
1180 1133 1267 1188 Simul
1284 1144 1312 1190 et
1325 1135 1488 1201 ostenditur,
1505 1130 1565 1208 qnae
1580 1136 1654 1193 Deus
1668 1139 1730 1201 dat.
1753 1138 1840 1193 omni·

211 1224 337 1288 uincatis,
355 1224 381 1279 in
393 1222 446 1279 hoc
460 1222 494 1276 ab
506 1222 758 1292 aliissuperemini.
1050 1224 1100 1279 ltus
1125 1224 1240 1294 aequrlia
1259 1241 1320 1282 csse
1339 1227 1449 1283 debere.
1476 1229 1511 1285 lit
1531 1241 1642 1300 propter
1661 1230 1746 1298 itarius
1769 1233 1842 1284 ts-ti·

249 1333 259 1367 ‹
274 1314 334 1370 Non
350 1314 428 1384 quasi
444 1313 583 1384 imperans
594 1313 677 1369 lico:
697 1316 743 1370 seri
756 1314 931 1387 perniinrum
942 1315 999 1369 sol-
1051 1313 1133 1368 monii
1148 1317 1353 1380 auctoritatem.
1370 1318 1427 1373 ruit
1442 1320 1521 1374 nobis
1535 1319 1684 1388 Apostolus
1698 1324 1840 1392 presentia

212 1407 489 1472 licitndinern.ctiam
507 1419 607 1463 restrae
624 1409 770 1464 charitatis
786 1408 925 1478 ingenium
952 1408 1000 1462 bo·
1050 1405 1141 1458 omnia
1167 1419 1229 1460 estc
1252 1408 1427 1474 eommunia,
1447 1419 1476 1464 nt
1499 1420 1526 1464 ct
1549 1411 1665 1479 perlecti
1691 1412 1839 1468 doctrinam

212 1520 275 1555 num
291 1500 484 1571 comprobans.
504 1518 514 1553 ι
533 1498 590 1555 Non
606 1501 720 1570 impero,
750 1516 802 1556 uec
825 1502 916 1569 exiro.
952 1500 999 1556 seri
1051 1498 1356 1566 matrimonialiter
1381 1502 1514 1558 habentes
1539 1504 1724 1559 sultstontiam
1751 1506 1839 1561 monrli

210 1591 353 1646 cnrrsilimn
367 1591 402 1645 dn
413 1609 421 1646 ι
434 1598 462 1643 ιιι
475 1591 548 1645 sicut
565 1590 590 1643 in
606 1588 699 1643 multis
709 1589 823 1643 iormnrn
853 1587 913 1643 aliis
929 1605 1000 1658 prae·
1051 1600 1105 1640 uon
1121 1588 1256 1658 denegent
1271 1588 1311 1645 eis
1327 1590 1441 1649 rictum.
1465 1589 1567 1664 [tignus
1581 1601 1626 1648 est
1643 1594 1721 1649 enim
1748 1610 1839 1667 opera·

211 1682 293 1743 lmtis.
313 1683 350 1734 ita
378 1690 406 1736 et
421 1681 448 1734 iu
468 1679 523 1734 isto
537 1693 620 1748 opero
644 1677 763 1735 faciatis.
790 1679 837 1734 list
863 1681 936 1735 enlm
958 1680 1000 1735 sic
1051 1675 1110 1732 rius
1127 1678 1188 1732 cibo
1213 1693 1273 1733 suo.

212 1771 331 1839 ingenita
344 1771 443 1839 pietus,
458 1777 487 1823 ut
517 1769 552 1824 ab
574 1769 636 1826 aliis
662 1786 722 1827 eam
756 1769 863 1826 discere
889 1770 1000 1828 minime
1090 1767 1228 1825 ‹Gratins
1254 1780 1345 1826 aliem
1374 1788 1426 1843 ⁸80
1452 1769 1518 1838 ΜΟ,
1543 1773 1591 1845 (llll
1616 1775 1694 1831 dedii
1721 1776 1839 1831 emit!

212 1863 326 1934 «gnaris.
615 1873 619 1882 “
1052 1857 1263 1914 sollicitudinem
1288 1876 1337 1929 pro
1357 1864 1435 1918 rolris
1460 1863 1487 1918 in
1507 1863 1591 1919 corde
1615 1862 1672 1919 Titi
1697 1864 1839 1935 :nuncin

251 1972 259 2005 r
277 1953 359 2008 Scitis
374 1969 447 2008 enum
463 1953 578 2024 gratiam
590 1951 697 2008 lloruini
707 1951 865 2009 nostriiesu
879 1953 1001 2013 Christi:
1017 1934 1271 2008 Borthostationnm
1286 1955 1395 2025 quidem
1409 1958 1550 2027 antecepit:
1565 1958 1613 2014 scd
1623 1974 1688 2014 cum
1703 1957 1840 2014 sollicitior

211 2047 340 2112 rpnmlam
355 2057 635 2116 propterrosegcnns
651 2043 740 2101 lactus
769 2055 822 2111 est,
847 2049 1002 2104 cum'essst
1054 2047 1138 2107 essct,
1156 2057 1205 2096 ⁸¹¹²
1223 2043 1362 2098 l0¹¹1¹¹l³le
1378 2043 1518 2113 proiectus
1537 2055 1579 2102 osi
1592 2045 1627 2100 all
1642 2060 1731 2102 vot-t
1752 2046 1839 2104 (intio

211 2138 286 2191 uires
301 2154 308 2191 :
325 2147 354 2190 ιιι
373 2137 445 2193 illius
456 2137 546 2206 inopia
561 2153 608 2193 ros
622 2138 720 2193 divites
743 2140 850 2203 essetis.
868 2149 897 2195 et
910 2141 1003 2197 consi·
1054 2133 1164 2203 quidem
1178 2133 1392 2201 lxhorlullouis,
1409 2147 1436 2192 ct
1449 2138 1591 2195 volontate
1603 2139 1718 2208 propria
1732 2139 1840 2194 leotinc-

209 2229 445 2286 linrninlrocdo.
462 2229 519 2284 linc
539 2232 612 2286 enim
639 2231 716 2286 rolris
742 2231 811 2286 utilc
833 2241 912 2288 est.»
941 2230 1001 2291 lion
1054 2229 1103 2292 rit.
1122 2238 1152 2284 ut
1167 2232 1320 2287 mercedem
1333 2231 1459 2298 haberet,
1473 2247 1527 2288 non
1540 2233 1653 2299 inritus,
1671 2234 1839 2305 quaticisio

210 2323 344 2390 rgnoratis
361 2322 407 2378 liei
425 2321 525 2379 l'iilnm
539 2335 653 2395 propter
664 2339 713 2379 ros
725 2339 873 2396 pauperem
888 2325 1001 2394 tactum,
1054 2319 1158 2376 credita
1174 2321 1356 2393 dispensatio.

209 2415 256 2481 oui
269 2415 458 2471 orrirersorum
475 2426 536 2471 erut
550 2416 677 2473 conrlitor
689 2427 717 2472 et
729 2417 874 2482 Dominus,
896 2427 927 2484 ut
942 2419 1001 2490 ejus
1093 2410 1247 2468 ‘lihitum
1279 2423 1370 2468 wiell
1398 2427 1460 2469 ⁰⁸⁰¹
1487 2413 1535 2469 1¹¹⁰
1565 2414 1683 2471 stlitem
1712 2425 1841 2480 Μ

210 2507 335 2577 erernplo
348 2507 428 2564 ironis
443 2509 604 2568 coelestibus
618 2509 790 2566 ditaremini.
810 2511 840 2566 Si
868 2527 936 2584 ergo
957 2512 1003 2568 ille
1054 2506 1131 2576 cujus
1142 2504 1201 2559 inus
1216 2514 1259 2560 est
1274 2504 1302 2560 in
1324 2505 1472 2577 Evangelio
1485 2520 1536 2577 per
1553 2521 1650 2563 omues
1662 2506 1813 2564 solatas
1829 2524 1839 2560 r

212 2608 324 2667 propter
339 2613 387 2656 ros
407 2599 568 2669 temporalia
584 2600 710 2657 universa
725 2603 1001 2675 contempsit‚qnan·
1054 2597 1112 2654 lloc
1131 2600 1165 2655 tle
1192 2596 1266 2654 bura
1290 2597 1476 2670 intelligitur:
1497 2597 1562 2669 quia
1578 2597 1688 2654 landent
1708 2600 1735 2655 io
1758 2598 1844 2657 iiras-

211 2700 239 2743 to
251 2691 337 2761 stragis
349 2705 399 2746 ros
411 2691 477 2746 darc
490 2691 595 2748 debetis
607 2707 704 2763 parra,
722 2708 778 2749 non
814 2704 916 2760 restra,
946 2695 1003 2751 imo
1054 2691 1125 2759 gello
1142 2690 1341 2744 conscribendo
1368 2690 1478 2745 ridetur
1508 2690 1610 2749 ornere
1637 2705 1696 2761 prae
1721 2691 1842 2760 otoeriss

212 2797 261 2835 sua
280 2782 448 2839 eircdderc.
477 2782 533 2853 lpsi
554 2784 628 2840 enim
657 2786 749 2850 datur.
786 2785 916 2856 ottidqnirl
943 2786 1003 2857 elus
1054 2782 1101 2853 qul
1126 2785 1210 2838 etiam
1245 2784 1330 2839 lctus
1353 2784 1540 2854 apostolorum
1564 2795 1667 2855 prater
1698 2783 1842 2856 Evangelia

211 2887 294 2927 rausa
308 2875 467 2947 porrigitur.
485 2874 571 2938 Sirnni
588 2887 719 2932 eteontra
749 2875 899 2935 Pherinum
924 2877 1001 2944 iacit,
1053 2876 1175 2944 scripsit.

211 2963 286 3033 oneo
300 2966 458 3036 priusquam
471 2982 576 3038 pauper
596 2968 675 3026 neret
689 2968 1001 3038 cupioperperam,
1092 2987 1101 3019 ‹
1124 2967 1182 3022 lion
1207 2969 1295 3025 roton
1315 2977 1427 3034 anon,
1455 2967 1505 3027 tei
1532 2977 1561 3025 rt
1581 2969 1729 3026 notram·
1748 2979 1794 3028 sn
1811 2970 1844 3026 rt

211 3058 277 3127 nuit
294 3059 473 3117 lralritabatiu
488 3061 581 3124 Patre.
1056 3058 1192 3116 Ecclesiis
1211 3075 1304 3116 coruos
1332 3061 1560 3132 peregrinationis
1589 3070 1703 3127 nostroe,
1719 3064 1751 3119 in
1777 3064 1845 3120 ltro

253 3169 263 3202 r
279 3152 329 3218 eri
350 3156 500 3210 pontoium
518 3155 620 3220 iacere.
635 3155 684 3213 ted
701 3167 731 3213 et
747 3157 815 3212 velie
829 3157 953 3228 coepistis
968 3159 1003 3212 ab
1054 3153 1181 3224 gratiam,
1202 3166 1263 3220 quae
1291 3151 1463 3206 ministratur
1486 3166 1502 3207 a
1525 3151 1646 3235 nobis.»
1673 3150 1841 3210 Testimonlo

210 3259 283 3298 nrrno
297 3246 398 3315 priore.
415 3265 424 3301 ι
439 3245 568 3304 Ostendit
580 3249 712 3319 quosdam
727 3265 807 3320 posse
831 3249 923 3306 iacere
948 3266 1001 3305 nnn
1016 3281 1039 3338 c
1056 3241 1237 3298 Eccleslltulll
1258 3242 1385 3297 idoneum
1401 3256 1464 3297 elul
1476 3250 1504 3297 ol
1518 3242 1667 3313 mobilium
1682 3242 1772 3302 lalus
1796 3244 1839 3302 do·

211 3338 344 3404 uolentes,
371 3357 433 3396 curn
448 3353 495 3396 nut
509 3323 703 3413 importunitas
715 3345 832 3416 potentis
844 3355 892 3399 aut
906 3355 1002 3400 aucto·
1059 3341 1204 3387 ”wilim-

213 3431 281 3485 ritas
298 3431 482 3502 praecipientia
497 3436 629 3502 erigeret.
1095 3445 1104 3483 ι
1123 3428 1161 3484 tu
1180 3424 1285 3483 Domini
1302 3424 1428 3495 gloriam,
1450 3434 1478 3479 et
1492 3425 1658 3482 destinatam
1675 3426 1840 3483 uoluntatem

252 3544 262 3578 ι
281 3523 360 3580 Nunc
372 3535 473 3580 teroet
488 3525 559 3580 iacto
573 3526 707 3595 perficite,
721 3536 751 3581 ut
770 3527 1001 3598 qrtematlrnotlnrn
1058 3530 1191 3576 nostram.
1208 3538 1218 3571 r
1235 3518 1407 3587 Propositum
1424 3519 1481 3576 rire
1496 3531 1631 3590 paratam.

209 3628 355 3688 promptus
370 3617 701 3688 cstauimnsuoluntatis,
725 3619 807 3675 itasit
820 3629 848 3674 et
860 3619 1004 3690 perteten—
1095 3612 1277 3666 ‹Devllllllss
1298 3613 1360 3676 ¹¹⁰⁰r
1374 3626 1410 3667 ⁰0
1429 3613 1491 3683 illl
1511 3627 1561 3669 ⁰0⁸
1581 3615 1724 3685 'imperti
1749 3615 1778 3670 in
1798 3614 1842 3670 hl

208 3711 251 3774 nt,
273 3725 304 3765 ox
324 3709 441 3780 eoquod
458 3709 604 3764 tabens.»
629 3708 707 3774 Quod
725 3710 878 3766 voluntario
898 3709 1002 3780 incepi·
1058 3702 1321 3774 propitiumque
1345 3703 1518 3760 ortntsnann
1543 3721 1557 3758 a
1579 3705 1661 3762 uobis
1686 3706 1716 3761 in
1742 3706 1840 3762 unuln

208 3799 280 3864 stis,
311 3798 432 3868 implete.
462 3798 559 3854 Omnis
577 3799 650 3854 enim
681 3800 744 3856 ltont
760 3802 851 3871 operis
877 3800 939 3857 luis
961 3809 1003 3856 est
1058 3794 1840 3869 gloriam.rllequisdicanquomouocortrmstero·

207 3892 391 3961 expetendus.
406 3890 474 3957 Quia
487 3891 559 3946 sicut
570 3890 673 3947 iactum
684 3891 761 3948 inriti
790 3901 934 3962 acceptum
948 3907 1003 3948 non
1057 3888 1203 3959 implerit:
1222 3904 1285 3943 cum
1302 3889 1443 3946 rideamus
1455 3889 1642 3957 Christianos,
1664 3905 1721 3948 non
1747 3901 1840 3948 tutan

210 3994 254 4038 est
275 4000 284 4040 t
302 3985 338 4038 ita
360 3982 486 4040 noluntas
510 3981 682 4040 inlructuosa
695 3993 739 4040 ost
766 3984 930 4041 habentibus
942 4001 1003 4043 eam
1057 3980 1257 4053 eleemosynam
1277 3981 1378 4054 iacere,
1393 3995 1524 4054 qrrantam
1541 3982 1600 4041 lieri
1626 3984 1655 4040 in
1668 3985 1733 4057 loge
1747 3997 1839 4058 praet·

213 4079 273 4131 sine
286 4077 371 4132 lacto.
1058 4085 1134 4145 ptum
1150 4074 1216 4130 esti

251 4187 261 4220 ι
282 4167 312 4224 st
332 4169 405 4227 enirn
426 4167 554 4230 voluntas
578 4175 705 4240 prompta
726 4178 779 4232 est.
808 4167 960 4224 secunrmrn
976 4166 1003 4225 id
1096 4180 1106 4217 ι
1129 4163 1393 4224 Proridsmusenim
1408 4168 1557 4234 hortamen
1570 4167 1660 4223 solum
1672 4182 1768 4225 coram
1782 4167 1837 4231 litt,

214 4262 287 4329 ιμιοιΙ
302 4261 396 4327 nabet,
422 4269 535 4330 acceptu
559 4272 613 4325 est,
641 4275 696 4315 non
718 4262 868 4318 scortulum
886 4260 914 4317 id
931 4261 1004 4328 quod
1059 4257 1107 4312 seul
1125 4258 1207 4312 etiarn
1221 4259 1525 4314 coramtrominibus.»
1550 4258 1624 4318 liilril
1646 4261 1721 4319 enirn
1741 4269 1837 4334 propter

215 4370 269 4408 nou
293 4352 386 4414 habet,
404 4370 414 4405 t
432 4351 472 4408 Ne
495 4354 598 4423 putetis
614 4367 658 4408 me
681 4352 800 4424 aliquem
824 4367 907 4422 supra
932 4354 1005 4412 vireo
1059 4347 1204 4403 humanam
1215 4347 1330 4418 gloriam
1352 4350 1539 4416 tarirrrut.seo
1557 4352 1837 4417 marcomirum
1883 4417 1884 4425 ἵ

214 4458 326 4514 rogere,
339 4452 387 4497 aut
398 4452 502 4497 tanturn
517 4443 544 4496 iu
559 4443 610 4498 lrac
624 4456 705 4497 causa
716 4457 730 4494 a
743 4456 861 4513 paupere
873 4452 1004 4513 quantum
1060 4455 1108 4509 per
1119 4455 1170 4497 nos
1184 4440 1285 4510 aliquis
1296 4442 1457 4496 scandalum
1481 4442 1581 4498 merito
1600 4446 1746 4516 patiatur:
1761 4444 1837 4501 solut
1882 4440 1884 4487 l

213 4535 328 4601 puirtrc
340 4544 476 4604 expetere.
490 4532 740 4604 ornnesaeqnattrer
749 4533 865 4602 taurum,
884 4533 908 4590 si
922 4549 1005 4591 uuus·
1060 4548 1157 4590 omnes
1173 4534 1300 4592 ridentes
1327 4550 1411 4606 opcra
1438 4547 1531 4591 nostra
1560 4537 1645 4604 borna,
1676 4538 1837 4612 roagniiootl

214 4629 578 4702 qnisquetantumdetierit
607 4637 739 4699 quaritum
765 4639 865 4698 potest,
894 4625 1168 4700 nonsoniatrsm
1185 4625 1472 4698 nostrorrr(llrtti.r‚
1491 4628 1548 4698 to).

213 4723 420 4798 primumquod
436 4737 490 4776 non
510 4721 602 4778 habet.
616 4718 675 4776 lloc
688 4732 716 4777 οι
729 4718 828 4776 initias
843 4721 951 4777 dicebat
971 4724 1005 4779 ad
1097 4736 1107 4771 ι
1127 4716 1251 4777 llisirnus
1268 4728 1360 4775 autern
1375 4734 1437 4775 cunr
1452 4718 1509 4775 iilis
1524 4728 1552 4776 et
1567 4716 1682 4776 fratrem
1696 4731 1832 4778 nostram·

211 4816 301 4887 pilium
319 4834 327 4874 t
342 4815 425 4871 Proui
445 4813 580 4881 iuniperis,
597 4813 648 4883 pit,
662 4813 708 4884 {ao
720 4815 910 4884 eleemosynam
926 4816 1004 4886 (roo.
1060 4808 1175 4881 Quidam
1187 4809 1240 4865 ¹¹⁰0·
1255 4809 1290 4866 de
1308 4809 1404 4882 Apollo
1416 4819 1545 4866 asserunt
1559 4811 1691 4871 dictum.'

211 4923 253 4980 pr.
267 4907 305 4978 li.
1098 4901 1211 4968 «Quem
1236 4900 1415 4972 probavimus
1434 4901 1461 4956 in
1486 4902 1580 4956 ruultis
1604 4917 1678 4975 saepe
1703 4903 1834 4960 snlliritru

255 5020 264 5066 r
283 4999 341 5062 uon
357 4999 429 5067 enim
444 5009 473 5053 ut
497 4998 558 5054 aliis
585 4996 621 5054 sit
647 4997 785 5060 remissio.
806 4997 885 5054 robis
913 5005 1005 5054 autem
1060 5010 1133 5051 esse.
1151 5013 1161 5046 r
1179 4992 1377 5050 Testimonium
1393 4992 1431 5067 ilii
1447 4993 1505 5060 alat,
1523 5003 1553 5048 nt
1568 4993 1684 5054 lucilius
1712 4999 1835 5052 audiatur.

214 5093 358 5162 pribulatio
374 5111 381 5146 ι
399 5091 490 5159 seder
505 5090 661 5160 aequalitate
677 5091 841 5163 inpraesenti
855 5099 1003 5161 tompore.»
1100 5106 1110 5141 ι
1133 5086 1212 5143 Nunc
1236 5094 1327 5142 autom
1355 5087 1441 5141 multo
1466 5086 1655 5143 sollicitiorem
1683 5088 1834 5146 continentia

215 5188 274 5257 ‚lton
290 5188 351 5240 orco
366 5195 395 5240 ut
414 5186 491 5240 rolris
513 5184 582 5252 niptl
597 5187 727 5251 servetis,
745 5185 792 5238 sel
809 5185 880 5253 quoti
895 5182 1005 5255 quidem
1062 5182 1146 5235 multa
1167 5179 1194 5235 in
1212 5193 1271 5237 ros.
1294 5197 1304 5231 ι
1320 5177 1407 5236 llulto
1420 5194 1495 5236 nune
1511 5179 1703 5242 sollicitiorem
1726 5195 1837 5249 compro·

214 5279 326 5348 puppup
341 5279 471 5342 rrpfflptar.
1062 5275 1159 5329 bamus
1185 5288 1260 5340 curru,
1281 5281 1397 5343 propter
1412 5287 1462 5328 ros
1480 5270 1568 5344 :noio
1586 5283 1678 5330 restra
1696 5272 1837 5331 obedientia

255 5391 265 5425 ι
286 5370 382 5435 Vestra
394 5373 560 5438 abundantia
573 5373 682 5431 illorum
698 5372 816 5442 inopiam
831 5369 1008 5443 suppleatur
1061 5377 1237 5441 provocamur
1260 5367 1320 5422 lile
1336 5368 1399 5437 ituit
1417 5366 1502 5437 adiali
1517 5382 1533 5421 ι
1551 5365 1625 5431 Tiill.
1650 5367 1710 5425 tire
1725 5370 1784 5439 quit
1799 5377 1838 5435 pel

218 5466 329 5533 illorum
346 5467 510 5527 nuurrdarnia
539 5474 637 5522 restrae
659 5467 758 5537 inopiae
780 5466 816 5522 sit
836 5465 1008 5536 supplemen-
1061 5465 1182 5534 seipsum
1197 5461 1398 5533 comprobarit.

217 5571 288 5626 pror,
315 5569 345 5613 ut
369 5559 415 5614 liat
433 5559 597 5632 counitam
616 5561 687 5614 sicut
699 5559 829 5629 scriptum
844 5568 897 5615 est.
915 5574 926 5612 ι
940 5557 1008 5614 Date
1102 5576 1112 5611 r
1134 5559 1198 5615 Sine
1209 5573 1258 5629 pro
1275 5556 1349 5621 Tito.
1364 5557 1410 5628 qui
1426 5566 1468 5613 cst
1481 5556 1576 5615 socius
1587 5571 1677 5624 meus,
1692 5567 1721 5614 et
1735 5558 1761 5613 in
1772 5553 1839 5610 robis

218 5655 416 5719 irroramur,
432 5662 498 5709 ntet
520 5655 559 5712 illi
576 5665 714 5718 rucnrrtes,
730 5652 926 5722 possintrobis
942 5652 1007 5708 reti·
1062 5651 1183 5718 arljutor,
1202 5652 1261 5707 sire
1288 5650 1388 5705 iratres
1408 5650 1505 5714 nostri,
1528 5652 1645 5720 apostoli
1666 5651 1839 5709 certaturn

217 5750 283 5810 plcre
298 5747 463 5816 spiritualia.
480 5746 526 5801 loti
544 5747 615 5801 cuim
631 5746 685 5800 tluo
702 5744 805 5814 gratius
833 5743 894 5800 sine
907 5744 1010 5800 aiteru-
1063 5745 1149 5816 gloria
1164 5743 1281 5800 Christi.
1303 5761 1313 5794 r
1343 5742 1420 5808 Ortod
1446 5744 1524 5808 dicit,
1548 5745 1600 5799 iroc
1619 5756 1665 5800 est
1681 5761 1690 5801 ι
1704 5743 1770 5800 ‘lam
1791 5737 1839 5797 Titi

221 5849 263 5891 tro
289 5855 352 5894 csse
375 5857 428 5894 unu
460 5839 670 5909 possuntzjam
688 5839 761 5894 enim
796 5836 840 5892 iile
871 5836 1008 5909 perlectus
1053 5852 1159 5909 „eausa,
1177 5836 1332 5906 stoicorum
1350 5836 1841 5904 oltcdientiamcollaudaveratnotut

220 5942 275 5986 nou
298 5932 735 6003 eritticcarrrtlilruscogttamlo,
763 5929 1009 6004 quumvisruiseri·
1063 5949 1158 5991 eoruut
1178 5934 1224 6003 qui
1256 5933 1291 5988 ad
1316 5933 1405 6003 ipsum
1429 5932 1535 5989 lucrant
1564 5935 1668 6003 pariter
1696 5925 1838 5988 destinati:

1882 4508 1884 4545 l

1882 4706 1884 4743 l
