4109 6434
374 364 383 403 l

205 486 260 558 olo

666 486 698 551 S.
719 479 945 547 nlnnouvtut
966 472 1128 538 OPERUM
1149 469 1351 533 hthl'lSSh.

1782 458 1837 526 til
1862 454 1864 458 ’

207 597 415 670 rrcchpostolus
438 598 532 651 contra
551 593 578 650 id
592 593 666 664 quod
687 592 806 663 primum
828 587 996 659 practicam·
1010 614 1033 662 Α
1049 580 1216 646 exercuerit,
1238 593 1328 648 neque
1346 587 1410 631 turre
1430 574 1520 630 carnis
1536 583 1566 630 et
1584 572 1727 647 sanguinis
1742 586 1841 631 rocem

210 706 260 758 rat,
281 707 329 747 nee
345 704 438 745 vocem
464 687 497 742 de
514 687 585 744 eoeio
602 685 739 758 loquentis
755 682 845 753 angeli
869 677 993 750 permisit

208 786 312 841 audire.
339 781 416 837 Facit
431 789 522 836 autem
538 778 675 835 sententia
687 786 783 834 contra
795 789 892 832 omrtes
908 776 993 833 here·

209 878 289 939 ticos,
307 877 352 944 qui
368 874 530 929 traditiones
543 871 709 942 apostolicas
724 879 831 925 mutare
846 879 994 926 currantur.

246 987 255 1021 ι
269 968 420 1023 hnatbema
433 967 479 1020 sit.
495 984 505 1018 a
522 964 642 1027 lloeest,
659 960 995 1018 abominabillsvobissit.

248 1081 257 1113 ι
274 1060 351 1116 Sicut
378 1058 568 1130 praediximus,
594 1065 623 1111 et
637 1069 710 1110 nunc
736 1055 836 1129 iterum
858 1052 922 1108 dico
939 1067 947 1106 a
966 1050 996 1107 Si

209 1154 271 1224 quis
282 1149 596 1220 vobisevangelizaverit
611 1157 709 1218 practer
717 1147 743 1202 id
753 1146 825 1217 quod
840 1142 996 1214 accepistis,

210 1246 355 1301 anatliema
367 1244 413 1300 sit.
429 1260 439 1294 v
456 1242 611 1313 llepetitum
626 1235 725 1295 lortius
737 1237 959 1294 commendatur.

247 1333 353 1388 chlorio
378 1333 451 1387 euim
480 1329 639 1385 huminibus
665 1328 779 1397 suadeo,
821 1343 855 1381 an
886 1326 994 1384 lleolr

209 1427 345 1496 Numquid
379 1434 489 1496 propter
513 1423 637 1477 homines
673 1421 750 1477 vobis
775 1420 890 1484 suadeo,
927 1420 999 1476 sicut

210 1527 322 1587 proptcr
352 1513 509 1570 ludaeorum
546 1510 709 1565 traditiones
748 1517 812 1563 ante
845 1507 999 1564 iaciebaml

211 1606 362 1663 Ostcrrdere
385 1604 442 1658 vuit
467 1601 528 1657 odia
552 1601 696 1656 bominum
721 1614 752 1656 se
779 1614 832 1656 uon
848 1599 997 1667 timentem,

211 1701 297 1754 iibere
311 1695 457 1753 defendere
472 1691 627 1747 veritatem.

249 1791 314 1842 anri
342 1800 434 1855 quaero
460 1780 619 1837 homiuibus
645 1779 799 1850 plaeerelv
829 1780 1000 1851 Ubicumque

211 1882 272 1938 sinc
290 1879 476 1933 additamento
503 1873 595 1943 aliquo
617 1872 743 1929 homines
766 1873 953 1939 nominantur,
972 1871 999 1926 io

1049 672 1166 734 audivit,
1184 672 1231 725 scd
1246 670 1305 726 oei.

1086 779 1098 817 ι
1114 762 1208 833 Neque
1219 762 1280 817 veni
1297 759 1496 833 lerosolymam
1510 761 1544 816 ad
1558 768 1749 816 antecessores
1764 772 1844 814 meos

1050 855 1202 925 apostolos,
1219 856 1267 911 scd
1281 854 1337 910 abii
1351 854 1378 908 in
1394 853 1533 921 Arabiam,
1558 853 1696 908 etiterum
1714 864 1845 907 reversus

1059 963 1118 1004 suin
1134 948 1307 1002 Damascum.
1327 964 1337 998 v
1356 947 1416 1001 Non
1430 946 1502 1015 quod
1519 945 1584 999 mihi
1600 959 1714 1000 neeesse
1736 944 1799 1007 luu,
1813 950 1845 997 ιιι

1050 1041 1084 1094 ab
1099 1039 1152 1095 illis
1165 1039 1270 1110 aliquid
1289 1040 1443 1095 edocerer:
1474 1037 1521 1092 sed
1536 1038 1569 1092 de
1584 1035 1717 1092 Damasco
1732 1037 1761 1092 ln
1774 1035 1846 1092 dra·

1050 1130 1124 1187 biam
1140 1133 1265 1200 protinus
1281 1132 1365 1197 ibam,
1383 1142 1414 1186 ut
1436 1130 1564 1185 docerem
1579 1129 1653 1197 quod
1670 1128 1767 1184 mibia
1783 1127 1840 1186 [leo

1052 1222 1201 1277 revelatum
1217 1221 1318 1278 luerat.

1090 1315 1217 1369 «Deinde
1231 1324 1292 1385 post
1306 1329 1393 1369 annos
1411 1322 1478 1370 tres.
1494 1332 1504 1366 ι
1517 1312 1646 1370 Ostendit
1656 1327 1686 1369 se
1697 1327 1755 1368 non
1771 1313 1844 1368 inall-

1051 1406 1142 1475 guisse
1156 1406 1312 1477 doceri,qui
1326 1406 1412 1461 trihus
1425 1406 1481 1476 jam
1497 1407 1575 1460 annis
1590 1406 1652 1462 aliis
1669 1405 1843 1476 praedicarat.

1090 1498 1181 1553 «Veni
1206 1498 1458 1569 Hierosolymam.»
1494 1496 1610 1565 Quando
1633 1512 1665 1553 se
1695 1498 1843 1568 discipulis

1050 1590 1340 1661 jungereattentabut.

1092 1699 1101 1734 ι
1120 1680 1218 1736 Videre
1241 1680 1387 1736 Petrum.»
1420 1679 1453 1736 Et
1482 1690 1641 1751 susceptum
1654 1694 1685 1734 se
1698 1680 1735 1735 ab
1753 1679 1800 1735 iilo
1817 1680 1844 1734 in

1053 1775 1188 1832 charitate
1210 1776 1404 1833 demonstrat:
1428 1785 1457 1833 et
1478 1779 1505 1833 iu
1528 1786 1583 1833 tam
1609 1778 1685 1832 brevi
1718 1788 1845 1848 tempore

1054 1867 1122 1922 nihil
1138 1869 1243 1924 discere
1263 1871 1398 1939 potuisse.

211 1971 311 2025 attalam
347 1974 450 2034 partem
480 1962 613 2031 accipitur
644 1962 671 2016 in
698 1959 859 2030 scripturis.
892 1961 927 2016 Ut
955 1968 1036 2026 estss
1086 1959 1844 2033 ‹Etrttansiapudeumdiebusquindecim.vlidendi

211 2059 299 2116 illud:
332 2057 425 2111 (lutaris
438 2055 515 2109 laurus
540 2051 655 2108 merarius
670 2051 759 2121 (Paul.
775 2068 838 2119 cxv,
860 2053 916 2124 ll).
941 2053 997 2108 Et:

212 2154 297 2217 Quem
319 2150 409 2202 dicarit
429 2146 546 2200 lrorrrinea
575 2161 631 2198 ease
653 2143 763 2213 (Metti.
788 2160 843 2211 avt,
860 2145 927 2217 int
946 2144 999 2200 Et*

212 2244 308 2299 Nonne
316 2242 433 2295 licutirtea
445 2241 517 2304 eatis,
530 2247 554 2293 et
565 2242 711 2293 secondum
719 2237 1000 2293 Itouainemomhulutt't

1052 2052 1152 2121 gratia,
1167 2067 1222 2107 non
1239 2053 1374 2109 dIseendi.

1089 2145 1204 2199 «hlium
1220 2156 1311 2201 autem
1330 2147 1516 2216 apostolorum
1534 2147 1588 2203 vidi
1602 2147 1754 2202 nertiinem.
1772 2163 1783 2197 a
1803 2142 1844 2200 ila

1052 2238 1095 2294 vel
1111 2237 1214 2293 abillis
1234 2237 1363 2295 didicisse
1387 2238 1538 2296 videretur.

211 2334 237 2405 (i
254 2335 316 2390 Cor.
334 2349 376 2399 ur,
401 2331 455 2402 ll)l
488 2330 571 2401 lgitur
594 2329 747 2399 quicunque
772 2328 871 2383 talibus
894 2331 1001 2400 placere
1089 2328 1172 2383 allisi
1196 2327 1328 2384 iacobum
1360 2329 1474 2387 fratrem
1501 2332 1621 2388 [lentini.
1650 2333 1719 2400 Quae
1749 2340 1843 2388 auten

211 2427 340 2494 voluerit,
358 2440 478 2481 necesse
494 2431 535 2481 est
562 2431 701 2477 uteorum
719 2421 803 2477 iaciat
819 2422 1000 2477 voluntatem.
1051 2421 1142 2482 scribo
1156 2422 1244 2489 vobis,
1259 2435 1322 2478 ecce
1338 2437 1431 2479 coram
1444 2420 1510 2490 heo,
1527 2425 1591 2495 quia
1610 2441 1662 2481 nou
1681 2426 1815 2480 mentior.
1830 2443 1841 2478 r

212 2518 304 2573 Sancti
329 2527 421 2572 autem
453 2513 509 2570 beo
535 2522 697 2577 tantum,et
729 2512 813 2568 Deum
840 2513 1000 2568 narrantibus
1052 2511 1176 2578 Quattuor
1204 2512 1293 2568 modis
1320 2514 1421 2570 iratres
1452 2515 1594 2586 appellari,
1623 2519 1687 2588 quis
1715 2517 1845 2574 dubitati

213 2611 321 2680 placent
338 2607 407 2678 :qui
435 2605 590 2676 plusquam
613 2603 738 2657 homines
751 2616 812 2658 esse
829 2611 1000 2657 meruerunt.
1052 2605 1155 2670 Primo,
1165 2614 1268 2681 natura¹
1279 2622 1287 2673 ;
1300 2607 1619 2679 secundo,coguatione;
1633 2611 1727 2678 tertio,
1744 2622 1844 2682 geute;

252 2701 305 2755 «Si
322 2699 411 2754 adbuc
425 2698 584 2752 bominibus
606 2696 760 2765 placerem,
782 2693 886 2749 Christi
906 2707 1002 2749 servus
1053 2708 1162 2768 quarto,
1180 2697 1290 2753 affectu.
1308 2699 1385 2756 Unde
1397 2699 1515 2756 lacobus
1529 2704 1676 2758 secuudum
1700 2708 1845 2775 cognatio·

212 2807 407 2849 sinuessam.»
425 2789 493 2846 Nam
517 2789 582 2844 ideo
603 2801 648 2842 me
671 2788 799 2853 oderunt,
827 2786 1001 2857 quiaserrus
1053 2806 1115 2846 nem
1138 2791 1224 2847 lrator
1253 2790 1363 2848 botuuini
1392 2794 1517 2850 dicitur:
1544 2798 1673 2867 quoniam
1701 2799 1735 2854 de
1760 2798 1847 2855 llaria

213 2903 273 2942 sirau
286 2885 401 2940 Christi.
1052 2881 1188 2953 cleophe,
1205 2898 1302 2942 sorore
1323 2888 1419 2944 matris
1439 2887 1562 2954 Domini,
1584 2897 1664 2944 uatus
1680 2904 1743 2946 csse
1764 2905 1846 2946 mon·

252 2995 261 3030 ι
277 2978 377 3035 Nouam
391 2975 463 3032 enim
479 2975 555 3031 vobis
571 2972 654 3039 laeio,
681 2971 793 3039 iratres,
807 2969 1000 3041 Evangelium,
1053 2986 1168 3032 stratur.
1525 3033 1528 3039 ¹

213 3074 286 3144 quod
311 3070 527 3142 evangelizatum
561 3079 641 3124 esta
671 3082 752 3122 mes
789 3064 853 3120 Vult
887 3078 1003 3136 purgare
1091 3067 1216 3124 «Deinde
1230 3070 1291 3125 verri
1311 3070 1337 3124 iu
1356 3080 1449 3140 partes
1468 3072 1556 3145 Syrie
1568 3083 1596 3131 et
1612 3072 1727 3129 Ciliciae.
1758 3070 1841 3129 Erana

213 3166 398 3235 usurpationis
414 3173 442 3219 et
457 3163 583 3217 humanae
603 3159 761 3216 traditionis
778 3157 930 3216 lulauriam.
1053 3171 1143 3216 autem
1156 3162 1265 3232 ignotus
1282 3162 1351 3218 facie
1368 3163 1500 3221 Ecclesiis
1515 3165 1649 3222 ludere.»
1686 3165 1845 3221 Notandum

251 3256 343 3324 «Quia
361 3268 416 3310 uon
436 3263 477 3309 est
491 3252 640 3309 seeundum
656 3252 805 3307 borrrinem.
821 3249 916 3321 llcque
929 3247 1002 3304 cuim
1053 3254 1117 3326 quia
1144 3271 1193 3326 per
1213 3257 1362 3311 triennium
1378 3257 1512 3314 Ecclesiis
1525 3255 1626 3313 Judaeae
1641 3268 1702 3314 erat
1721 3260 1844 3330 ignotus.

214 3365 265 3420 ego
277 3351 312 3404 ab
328 3347 438 3402 homine
462 3346 555 3414 accepi
574 3342 652 3409 iliud,
670 3357 758 3413 oeque
772 3342 864 3407 didici,
883 3340 931 3396 sed
950 3355 1000 3410 per
1014 3327 1036 3386 C
1090 3342 1177 3411 «Quas
1196 3354 1275 3401 orant
1289 3346 1316 3400 in
1330 3345 1452 3403 Christo.
1480 3346 1596 3402 Tantum
1612 3358 1705 3404 autem
1719 3350 1845 3404 auditum

215 3442 410 3497 revelationem
423 3436 487 3492 lesu
503 3435 639 3491 Christis
664 3434 758 3505 Neque
776 3448 790 3487 a
810 3449 853 3489 me
869 3434 999 3502 conburi,
1053 3435 1189 3492 habehant
1211 3453 1221 3494 a
1246 3439 1373 3508 quoniam
1403 3440 1450 3509 qui
1474 3439 1691 3509 persequebatur
1713 3456 1768 3498 noa
1796 3442 1846 3497 aii·

215 3549 303 3602 neque
319 3532 354 3587 ab
369 3531 425 3584 alio
442 3529 554 3584 lvonvine
572 3529 678 3598 accepi,
709 3542 797 3598 neque
825 3542 839 3581 a
863 3541 1001 3598 quoquam
1053 3532 1172 3602 quando,
1192 3546 1267 3589 stunc
1281 3531 1452 3605 evangelizat
1472 3533 1569 3599 iidem,
1585 3547 1666 3604 quam
1692 3533 1845 3604 aliquanda

215 3626 308 3688 alidici',
323 3624 398 3694 quod
410 3630 505 3695 gentes
518 3621 574 3675 sola
590 3619 642 3674 ilde
657 3618 840 3675 salvarentur.

253 3735 262 3770 ι
277 3715 399 3771 Audistis
414 3714 488 3768 enim
505 3712 745 3768 conversationem
758 3709 1001 3780 nrcamaiiquaudo
1053 3714 1144 3772 clesiae
1161 3715 1342 3784 habebantur,
1360 3732 1411 3773 nec
1438 3717 1481 3772 pis
1497 3719 1544 3787 quq
1556 3727 1634 3775 grang
1652 3733 1685 3774 g,
1717 3720 1846 3791 genggm

215 3813 241 3866 iu
256 3809 432 3865 ludaismo.»
465 3806 520 3861 tt'ec
540 3819 587 3860 vos
610 3802 693 3859 credo
718 3805 804 3860 latere
826 3804 897 3873 quod
927 3804 999 3862 dico.
1053 3806 1260 3866 miscebantur.

216 3901 366 3958 bstendcre
379 3900 435 3953 vult
456 3911 538 3968 quam
557 3897 672 3951 hrmiter
686 3899 803 3952 tenuerit
815 3894 997 3964 Iudaismum,
1096 3894 1153 3951 alit
1168 3897 1194 3952 iu
1213 3911 1256 3953 me
1274 3896 1461 3955 clarificabant
1475 3899 1598 3956 Deum.»
1635 3898 1674 3955 oe
1691 3915 1720 3955 re
1744 3901 1844 3958 drueth

215 4010 242 4051 et
259 4011 339 4065 quam
357 3993 472 4047 lideiiter
496 4005 546 4062 pro
571 3989 765 4045 traditionibus
788 3997 895 4059 patrum
917 4002 1002 4058 eapu·
1053 3986 1170 4041 maxima
1198 3989 1319 4043 nascitur
1346 3989 1504 4056 admiratio,
1530 3998 1558 4046 et
1579 3990 1745 4048 laudabatur
1776 3993 1844 4051 Deua

215 4087 302 4156 giravit
317 4083 479 4147 Ecclesiam,
504 4089 534 4134 ut
545 4079 728 4149 intelligamus
738 4093 799 4134 euru
815 4092 869 4133 raon
879 4078 1002 4149 potuisse
1052 4080 1099 4149 qui
1115 4078 1168 4135 hoe
1185 4081 1260 4136 solus
1273 4093 1365 4151 posset
1378 4081 1495 4139 efficere.
1513 4081 1552 4139 De
1566 4083 1643 4140 lalsis
1660 4084 1806 4154 iratribus,
1818 4096 1844 4144 ct

1053 3625 1234 3694 expugnabat.
1256 3643 1264 3676 r
1287 3623 1429 3690 Seorsum,
1449 3625 1496 3693 qui
1511 3640 1546 3679 ex
1564 3625 1665 3681 ludaeis
1685 3636 1781 3693 erant,
1797 3625 1847 3683 Ec·

216 4180 279 4231 iude
297 4178 415 4230 burnano
447 4171 574 4237 covasilio,
601 4169 654 4227 arisi
680 4168 851 4225 revelatione
880 4168 1002 4239 separari

216 4269 318 4323 diviua.

253 4355 410 4422 «Quoniam
428 4368 509 4423 supra
523 4351 633 4407 rrrodum
652 4351 838 4422 persequebar
852 4349 1001 4407 Ecclesiam

216 4447 277 4513 llci,
294 4458 321 4500 ct
337 4447 525 4517 expugnabam
545 4444 634 4504 illam.
654 4454 681 4498 et
705 4434 883 4514 p‘rolleiebam
902 4445 931 4498 in
952 4440 1002 4497 Ju-

217 4544 323 4597 daisrno
347 4553 428 4608 supra
454 4537 553 4592 multos
578 4544 731 4591 coaetaneos
747 4548 823 4590 rrreos
847 4537 875 4590 in
904 4548 1004 4607 genere

1053 4172 1087 4228 de
1099 4170 1182 4229 Petro
1194 4172 1220 4230 iu
1241 4174 1461 4244 circumcisione,
1477 4173 1563 4233 Paulo
1576 4191 1642 4234 sero
1673 4178 1842 4251 ingentibus

1054 4267 1201 4326 ordinatis.

1365 4339 1478 4398 CAPUT
1508 4340 1542 4397 ll.

1093 4471 1103 4504 a
1119 4453 1222 4510 Deinde
1236 4462 1297 4525 post
1310 4469 1397 4511 anrros
1415 4456 1635 4527 quatuordeeim.
1654 4476 1665 4510 ι
1682 4458 1801 4527 Quando
1809 4461 1842 4519 dc

1057 4547 1190 4626 oneribus
1201 4547 1270 4618 legis
1282 4550 1396 4619 quaestio
1412 4550 1582 4606 movebatur.

218 4651 290 4698 arico,
315 4631 498 4689 abundantius
516 4630 661 4686 aemulator
678 4630 800 4685 existens
824 4637 1045 4723 paternarum„
1097 4636 1225 4694 ‹ltermn
1250 4641 1362 4695 ascendi
1386 4639 1582 4711 lerosolymam
1620 4656 1683 4697 cum
1706 4641 1843 4711 Barnaba,

219 4744 341 4785 cavearum
359 4728 573 4782 traditionum.»
599 4725 657 4781 Non
682 4739 765 4796 supra
782 4737 890 4792 onmes,
909 4737 943 4779 ne
957 4723 1002 4796 ja·

218 4825 374 4880 etalruudus
391 4833 547 4893 putaretur.

256 4934 265 4967 ι
282 4914 348 4970 Cum
361 4925 451 4970 autem
462 4913 563 4986 placuit
575 4913 599 4970 ei
613 4914 659 4985 qui
671 4901 915 4985 mesegregavitex
926 4919 1004 4966 utero

218 5009 311 5062 avistris
330 5022 405 5060 vrveae.
423 5025 433 5059 v
464 5004 514 5061 llic
529 5006 730 5077 prescientiam
746 5006 805 5071 llei,
832 5003 864 5059 ad
881 5003 1004 5059 dilectio-

216 5117 279 5154 nem
294 5101 419 5170 Apostoli
437 5109 585 5171 antequam
603 5108 774 5164 nasceretur,
788 5098 920 5153 ostendit.
936 5096 1003 5150 ltem

216 5194 261 5263 qui
277 5208 319 5248 me
332 5193 359 5247 in
376 5193 545 5263 prescientia
562 5192 597 5267 ab
612 5203 693 5248 utero
706 5191 871 5262 segregavit,
891 5190 1002 5261 quando

215 5285 312 5349 voluit,
329 5284 396 5339 lecit
406 5285 477 5354 quod
491 5284 597 5339 sciebat
612 5298 674 5339 esse
690 5284 825 5338 loturum.

257 5376 306 5429 alit
322 5379 426 5431 vocavit
442 5374 797 5446 pergratiarrvsuam.vllon
809 5375 914 5431 viveritis
923 5375 1002 5432 ineis.

254 5486 263 5518 ι
282 5464 316 5522 Ut
329 5465 465 5520 revelaret
487 5462 586 5519 Filium
603 5463 724 5519 suumin
746 5478 806 5533 me,
824 5472 852 5517 ιιι
865 5462 1003 5535 evangeli-

216 5573 307 5615 aarem
326 5556 401 5612 iilum
420 5557 447 5611 in
471 5556 629 5628 gentibus.»
661 5553 697 5611 Ut
716 5555 816 5610 Filium
844 5569 924 5610 suum
953 5568 1001 5624 per

215 5664 260 5704 me
278 5650 405 5719 genubus
420 5647 564 5707 revelaret.

252 5740 418 5795 «Continuo
437 5753 491 5793 ιιοιι
519 5740 643 5809 acquievi
662 5742 739 5798 carui
765 5754 792 5798 er
825 5743 964 5815 sanguini.
990 5763 1000 5796 r

216 5831 273 5887 llue
288 5832 366 5897 dicit,
397 5832 528 5900 quoniam
548 5834 699 5890 seeundum
722 5838 882 5907 ascysterium
899 5838 1003 5893 revela·

218 5924 310 5992 aionis,
338 5923 513 5980 eovnmiasaur
538 5925 590 5982 sibi
615 5926 836 5997 praedicationem
861 5930 1001 5999 Evangelii

1056 4740 1196 4802 assumpto
1208 4730 1317 4789 etlito.
1338 4749 1349 4783 v
1367 4731 1426 4788 Non
1439 4733 1579 4807 voluntale
1588 4748 1660 4803 mea,
1677 4720 1726 4791 se'd
1739 4737 1843 4808 imperii

1056 4822 1149 4893 diviui¹
1168 4825 1340 4881 necessitate.

1093 4935 1103 4968 ι
1122 4915 1241 4973 Ascendi
1261 4928 1351 4974 autern
1367 4919 1517 4975 secuudum
1532 4919 1769 4979 revelationem.»
1790 4920 1844 4981 ilos

1055 5011 1093 5065 ait
1107 5009 1262 5080 Apostolus.
1281 5010 1349 5067 Cum
1362 5014 1496 5083 venirem,
1511 5014 1608 5084 iuquit,
1625 5012 1842 5089 llicrosolgmaan

1055 5103 1203 5159 seeundum
1219 5104 1411 5161 revelationem
1426 5106 1485 5170 Dei,
1500 5107 1706 5178 congregationi
1728 5109 1841 5167 trauan

1056 5211 1103 5267 per
1115 5194 1322 5251 edificationem
1338 5212 1426 5252 meam
1441 5198 1544 5254 reddidi
1560 5201 1705 5266 rationem,
1721 5217 1844 5259 moravia

1054 5296 1084 5343 et
1097 5287 1227 5356 apostolis
1243 5305 1250 5341 a
1267 5304 1321 5344 non
1343 5298 1372 5344 ιιι
1394 5291 1428 5345 ab
1447 5289 1501 5346 iliis
1520 5290 1548 5345 in
1570 5293 1661 5363 aliquo
1679 5295 1842 5361 instruerer,

1057 5381 1104 5451 qui
1129 5381 1235 5450 plenam
1264 5379 1369 5439 lucram
1395 5384 1510 5453 gratiam
1535 5396 1717 5454 consecutus;
1742 5390 1791 5445 sed
1818 5398 1845 5445 ut

1055 5471 1259 5526 manilestarem
1276 5473 1316 5528 eis
1331 5483 1405 5528 recto
1420 5473 1516 5529 ordine
1542 5489 1586 5532 me
1602 5475 1704 5534 Christi
1721 5477 1846 5549 Evange-

1056 5562 1125 5624 lium,
1138 5561 1298 5631 praedicare.

1093 5674 1102 5705 ι
1121 5654 1154 5711 Et
1167 5655 1270 5725 contuli
1285 5670 1347 5711 cum
1363 5657 1417 5714 illis
1432 5657 1619 5735 Evangelium,
1636 5664 1710 5733 quod
1729 5666 1844 5735 praedica

1056 5750 1082 5803 in
1099 5749 1233 5820 gentibus.
1249 5766 1258 5799 ι
1280 5748 1338 5805 Nou
1359 5749 1455 5830 didici,
1472 5754 1518 5810 sed
1539 5755 1642 5812 corrtuli
1657 5755 1843 5830 Evangeliunr,

1056 5856 1104 5910 per
1118 5840 1190 5911 quod
1205 5849 1298 5910 gentes
1315 5841 1371 5896 sola
1391 5845 1443 5901 tide
1459 5845 1610 5903 salvantur.

1094 5951 1103 5983 ι
1127 5932 1254 5988 Seorsum
1282 5944 1372 5989 autem
1403 5937 1446 5994 bis
1473 5941 1519 6011 qui
1545 5940 1710 5999 videbantur
1742 5944 1844 6017 aliquid
