<?xml version="1.0" encoding="UTF-8"?>
<!DOCTYPE html PUBLIC "-//W3C//DTD XHTML 1.0 Transitional//EN"
    "http://www.w3.org/TR/xhtml1/DTD/xhtml1-transitional.dtd">
<html xmlns="http://www.w3.org/1999/xhtml" xml:lang="en" lang="en">
 <head>
  <title>
</title>
<meta http-equiv="Content-Type" content="text/html;charset=utf-8" />
  <meta name='ocr-system' content='tesseract 3.04.00' />
  <meta name='ocr-capabilities' content='ocr_page ocr_carea ocr_par ocr_line ocrx_word'/>
</head>
<body>
  <div class='ocr_page' id='page_1' title='image "./patrologiaecurs08goog/patrologiaecurs08goog_0204.png"; bbox 0 0 4109 6434; ppageno 0'>
   <div class='ocr_carea' id='block_1_1' title="bbox 237 448 291 517">
    <p class='ocr_par' dir='ltr' id='par_1_1' title="bbox 237 448 291 517">
     <span class='ocr_line' id='line_1_1' title="bbox 237 448 291 517; baseline -0.019 -1"><span class='ocrx_word' id='word_1_1' title='bbox 237 448 291 517; x_wconf 81' lang='lat' dir='ltr'><strong>tm</strong></span> 
     </span>
    </p>
   </div>
   <div class='ocr_carea' id='block_1_2' title="bbox 714 446 1395 511">
    <p class='ocr_par' dir='ltr' id='par_1_2' title="bbox 714 446 1395 511">
     <span class='ocr_line' id='line_1_2' title="bbox 714 446 1395 511; baseline -0.006 -2"><span class='ocrx_word' id='word_1_2' title='bbox 714 451 744 511; x_wconf 89' lang='lat' dir='ltr'><strong>S.</strong></span> <span class='ocrx_word' id='word_1_3' title='bbox 767 451 988 509; x_wconf 80' lang='lat' dir='ltr'><strong>lllliliitlll&#39;lll</strong></span> <span class='ocrx_word' id='word_1_4' title='bbox 1013 449 1170 509; x_wconf 72' lang='lat' dir='ltr'><strong>ornabat</strong></span> <span class='ocrx_word' id='word_1_5' title='bbox 1194 446 1395 507; x_wconf 82' lang='lat' dir='ltr'><strong>rilAN&#39;l&#39;lSSA.</strong></span> 
     </span>
    </p>
   </div>
   <div class='ocr_carea' id='block_1_3' title="bbox 1802 445 1859 508">
    <p class='ocr_par' dir='ltr' id='par_1_3' title="bbox 1802 445 1859 508">
     <span class='ocr_line' id='line_1_3' title="bbox 1802 445 1859 508; baseline 0 -1"><span class='ocrx_word' id='word_1_6' title='bbox 1802 445 1859 508; x_wconf 83' lang='lat' dir='ltr'><strong>tob</strong></span> 
     </span>
    </p>
   </div>
   <div class='ocr_carea' id='block_1_4' title="bbox 228 557 1861 633">
    <p class='ocr_par' dir='ltr' id='par_1_4' title="bbox 228 557 1861 633">
     <span class='ocr_line' id='line_1_4' title="bbox 228 557 1861 633; baseline -0.005 -13"><span class='ocrx_word' id='word_1_7' title='bbox 228 577 270 622; x_wconf 91' lang='lat' dir='ltr'><strong>tnr</strong></span> <span class='ocrx_word' id='word_1_8' title='bbox 290 565 316 618; x_wconf 94' lang='lat' dir='ltr'><strong>iu</strong></span> <span class='ocrx_word' id='word_1_9' title='bbox 340 562 457 633; x_wconf 89' lang='lat' dir='ltr'><strong>regulam</strong></span> <span class='ocrx_word' id='word_1_10' title='bbox 480 559 674 613; x_wconf 84' lang='lat' dir='ltr'><strong>ntnnarltotum</strong></span> <span class='ocrx_word' id='word_1_11' title='bbox 693 557 872 612; x_wconf 81' lang='lat' dir='ltr'><strong>Erettritarnm</strong></span> <span class='ocrx_word' id='word_1_12' title='bbox 893 559 1013 628; x_wconf 56' lang='lat' dir='ltr'><strong>spurium</strong></span> <span class='ocrx_word' id='word_1_13' title='bbox 1029 573 1050 633; x_wconf 63' lang='lat' dir='ltr'><strong>g</strong></span> <span class='ocrx_word' id='word_1_14' title='bbox 1104 561 1129 612; x_wconf 86' lang='grc'><strong>6.</strong></span> <span class='ocrx_word' id='word_1_15' title='bbox 1144 559 1216 624; x_wconf 78' lang='lat' dir='ltr'><strong>Quos</strong></span> <span class='ocrx_word' id='word_1_16' title='bbox 1232 559 1325 622; x_wconf 89' lang='lat' dir='ltr'><strong>etiam,</strong></span> <span class='ocrx_word' id='word_1_17' title='bbox 1341 573 1373 610; x_wconf 90' lang='lat' dir='ltr'><strong>ac</strong></span> <span class='ocrx_word' id='word_1_18' title='bbox 1390 567 1414 614; x_wconf 86' lang='lat' dir='ltr'><strong>te</strong></span> <span class='ocrx_word' id='word_1_19' title='bbox 1426 573 1441 611; x_wconf 89' lang='lat' dir='ltr'><strong>a</strong></span> <span class='ocrx_word' id='word_1_20' title='bbox 1454 557 1533 612; x_wconf 80' lang='lat' dir='ltr'><strong>uscue</strong></span> <span class='ocrx_word' id='word_1_21' title='bbox 1548 558 1647 629; x_wconf 77' lang='lat' dir='ltr'><strong>regulas</strong></span> <span class='ocrx_word' id='word_1_22' title='bbox 1664 558 1693 614; x_wconf 87' lang='lat' dir='ltr'><strong>S.</strong></span> <span class='ocrx_word' id='word_1_23' title='bbox 1704 558 1861 628; x_wconf 72' lang='lat' dir='ltr'>Augustini,</span> 
     </span>
    </p>
   </div>
   <div class='ocr_carea' id='block_1_5' title="bbox 225 648 1020 1911">
    <p class='ocr_par' dir='ltr' id='par_1_5' title="bbox 226 648 1017 1092">
     <span class='ocr_line' id='line_1_5' title="bbox 229 648 1016 718; baseline -0.008 -10"><span class='ocrx_word' id='word_1_24' title='bbox 229 655 334 717; x_wconf 88' lang='lat' dir='ltr'><strong>Sancti,</strong></span> <span class='ocrx_word' id='word_1_25' title='bbox 354 655 380 706; x_wconf 92' lang='lat' dir='ltr'><strong>ln</strong></span> <span class='ocrx_word' id='word_1_26' title='bbox 400 653 487 706; x_wconf 90' lang='lat' dir='ltr'><strong>loctnn</strong></span> <span class='ocrx_word' id='word_1_27' title='bbox 503 649 582 703; x_wconf 82' lang='lat' dir='ltr'><strong>‹ttetae</strong></span> <span class='ocrx_word' id='word_1_28' title='bbox 600 649 697 718; x_wconf 81' lang='lat' dir='ltr'><strong>regulae</strong></span> <span class='ocrx_word' id='word_1_29' title='bbox 715 648 743 703; x_wconf 90' lang='lat' dir='ltr'><strong>S.</strong></span> <span class='ocrx_word' id='word_1_30' title='bbox 761 651 906 718; x_wconf 87' lang='lat' dir='ltr'><strong>Augustini</strong></span> <span class='ocrx_word' id='word_1_31' title='bbox 930 650 1016 703; x_wconf 86' lang='lat' dir='ltr'><strong>susci·</strong></span> 
     </span>
     <span class='ocr_line' id='line_1_6' title="bbox 227 740 1017 816; baseline -0.01 -16"><span class='ocrx_word' id='word_1_32' title='bbox 227 762 291 816; x_wconf 85' lang='lat' dir='ltr'><strong>pere</strong></span> <span class='ocrx_word' id='word_1_33' title='bbox 313 757 416 815; x_wconf 86' lang='lat' dir='ltr'><strong>posses,</strong></span> <span class='ocrx_word' id='word_1_34' title='bbox 433 740 540 813; x_wconf 78' lang='lat' dir='ltr'><strong>plenam</strong></span> <span class='ocrx_word' id='word_1_35' title='bbox 563 750 591 796; x_wconf 88' lang='lat' dir='ltr'><strong>et</strong></span> <span class='ocrx_word' id='word_1_36' title='bbox 615 742 741 803; x_wconf 84' lang='lat' dir='ltr'><strong>liberam,</strong></span> <span class='ocrx_word' id='word_1_37' title='bbox 762 757 809 808; x_wconf 92' lang='lat' dir='ltr'><strong>per</strong></span> <span class='ocrx_word' id='word_1_38' title='bbox 825 743 890 794; x_wconf 89' lang='lat' dir='ltr'><strong>alias</strong></span> <span class='ocrx_word' id='word_1_39' title='bbox 909 752 1017 795; x_wconf 86' lang='lat' dir='ltr'><strong>nostras</strong></span> 
     </span>
     <span class='ocr_line' id='line_1_7' title="bbox 228 834 1015 904; baseline -0.005 -13"><span class='ocrx_word' id='word_1_40' title='bbox 228 840 345 900; x_wconf 81' lang='lat' dir='ltr'><strong>litteras,</strong></span> <span class='ocrx_word' id='word_1_41' title='bbox 361 851 429 904; x_wconf 82' lang='lat' dir='ltr'><strong>quas</strong></span> <span class='ocrx_word' id='word_1_42' title='bbox 444 843 472 888; x_wconf 89' lang='lat' dir='ltr'><strong>et</strong></span> <span class='ocrx_word' id='word_1_43' title='bbox 487 847 581 888; x_wconf 87' lang='lat' dir='ltr'><strong>earum</strong></span> <span class='ocrx_word' id='word_1_44' title='bbox 599 843 706 887; x_wconf 87' lang='lat' dir='ltr'><strong>tenores</strong></span> <span class='ocrx_word' id='word_1_45' title='bbox 723 834 903 903; x_wconf 82' lang='lat' dir='ltr'><strong>praesentibus</strong></span> <span class='ocrx_word' id='word_1_46' title='bbox 920 834 1015 887; x_wconf 89' lang='lat' dir='ltr'><strong>baberi</strong></span> 
     </span>
     <span class='ocr_line' id='line_1_8' title="bbox 227 927 1015 997; baseline -0.003 -17"><span class='ocrx_word' id='word_1_47' title='bbox 227 931 353 985; x_wconf 89' lang='lat' dir='ltr'><strong>volumus</strong></span> <span class='ocrx_word' id='word_1_48' title='bbox 375 944 425 997; x_wconf 90' lang='lat' dir='ltr'><strong>pro</strong></span> <span class='ocrx_word' id='word_1_49' title='bbox 447 927 597 996; x_wconf 80' lang='lat' dir='ltr'><strong>expressis,</strong></span> <span class='ocrx_word' id='word_1_50' title='bbox 619 927 805 981; x_wconf 75' lang='lat' dir='ltr'><strong>concessimus</strong></span> <span class='ocrx_word' id='word_1_51' title='bbox 830 927 1015 980; x_wconf 67' lang='lat' dir='ltr'><strong>facultatem:</strong></span> 
     </span>
     <span class='ocr_line' id='line_1_9' title="bbox 226 1017 903 1092; baseline -0.004 -17"><span class='ocrx_word' id='word_1_52' title='bbox 226 1032 308 1092; x_wconf 86' lang='lat' dir='ltr'><strong>prout</strong></span> <span class='ocrx_word' id='word_1_53' title='bbox 323 1023 348 1074; x_wconf 90' lang='lat' dir='ltr'><strong>iu</strong></span> <span class='ocrx_word' id='word_1_54' title='bbox 364 1021 466 1074; x_wconf 87' lang='lat' dir='ltr'><strong>eisdem</strong></span> <span class='ocrx_word' id='word_1_55' title='bbox 480 1018 579 1072; x_wconf 87' lang='lat' dir='ltr'><strong>litteris</strong></span> <span class='ocrx_word' id='word_1_56' title='bbox 596 1017 704 1087; x_wconf 79' lang='lat' dir='ltr'>plenius</span> <span class='ocrx_word' id='word_1_57' title='bbox 735 1017 903 1072; x_wconf 68' lang='lat' dir='ltr'><strong>continetur.</strong></span> 
     </span>
    </p>

    <p class='ocr_par' dir='ltr' id='par_1_6' title="bbox 225 1109 1020 1911">
     <span class='ocr_line' id='line_1_10' title="bbox 261 1109 1019 1179; baseline -0.007 -10"><span class='ocrx_word' id='word_1_58' title='bbox 261 1115 288 1169; x_wconf 74' lang='grc'><strong>3,</strong></span> <span class='ocrx_word' id='word_1_59' title='bbox 306 1113 375 1166; x_wconf 88' lang='lat' dir='ltr'><strong>Cum</strong></span> <span class='ocrx_word' id='word_1_60' title='bbox 400 1119 491 1165; x_wconf 90' lang='lat' dir='ltr'><strong>autem</strong></span> <span class='ocrx_word' id='word_1_61' title='bbox 515 1109 587 1165; x_wconf 91' lang='lat' dir='ltr'><strong>sicut</strong></span> <span class='ocrx_word' id='word_1_62' title='bbox 609 1110 730 1164; x_wconf 88' lang='lat' dir='ltr'><strong>exbibita</strong></span> <span class='ocrx_word' id='word_1_63' title='bbox 755 1112 834 1165; x_wconf 86' lang='lat' dir='ltr'><strong>nobis</strong></span> <span class='ocrx_word' id='word_1_64' title='bbox 859 1124 946 1179; x_wconf 77' lang='lat' dir='ltr'><strong>nuper</strong></span> <span class='ocrx_word' id='word_1_65' title='bbox 970 1125 1019 1179; x_wconf 87' lang='lat' dir='ltr'><strong>pro</strong></span> 
     </span>
     <span class='ocr_line' id='line_1_11' title="bbox 226 1201 1017 1273; baseline -0.003 -15"><span class='ocrx_word' id='word_1_66' title='bbox 226 1210 303 1273; x_wconf 85' lang='lat' dir='ltr'><strong>parte</strong></span> <span class='ocrx_word' id='word_1_67' title='bbox 328 1210 374 1256; x_wconf 92' lang='lat' dir='ltr'><strong>tua</strong></span> <span class='ocrx_word' id='word_1_68' title='bbox 398 1202 493 1270; x_wconf 89' lang='lat' dir='ltr'><strong>petitio</strong></span> <span class='ocrx_word' id='word_1_69' title='bbox 519 1201 687 1267; x_wconf 89' lang='lat' dir='ltr'><strong>continebat,</strong></span> <span class='ocrx_word' id='word_1_70' title='bbox 703 1215 717 1255; x_wconf 92' lang='lat' dir='ltr'><strong>a</strong></span> <span class='ocrx_word' id='word_1_71' title='bbox 734 1202 873 1268; x_wconf 80' lang='lat' dir='ltr'><strong>nonnuliis</strong></span> <span class='ocrx_word' id='word_1_72' title='bbox 894 1211 1017 1256; x_wconf 86' lang='lat' dir='ltr'><strong>vertatur</strong></span> 
     </span>
     <span class='ocr_line' id='line_1_12' title="bbox 225 1290 1019 1363; baseline -0.008 -14"><span class='ocrx_word' id='word_1_73' title='bbox 225 1296 252 1349; x_wconf 92' lang='lat' dir='ltr'><strong>in</strong></span> <span class='ocrx_word' id='word_1_74' title='bbox 273 1294 395 1357; x_wconf 90' lang='lat' dir='ltr'><strong>dubium,</strong></span> <span class='ocrx_word' id='word_1_75' title='bbox 413 1308 446 1346; x_wconf 91' lang='lat' dir='ltr'><strong>an</strong></span> <span class='ocrx_word' id='word_1_76' title='bbox 469 1292 527 1361; x_wconf 85' lang='lat' dir='ltr'><strong>ipsc</strong></span> <span class='ocrx_word' id='word_1_77' title='bbox 546 1291 575 1346; x_wconf 87' lang='lat' dir='ltr'><strong>S.</strong></span> <span class='ocrx_word' id='word_1_78' title='bbox 593 1290 774 1363; x_wconf 72' lang='lat' dir='ltr'><strong>Hieronymus</strong></span> <span class='ocrx_word' id='word_1_79' title='bbox 797 1292 895 1345; x_wconf 90' lang='lat' dir='ltr'><strong>dictam</strong></span> <span class='ocrx_word' id='word_1_80' title='bbox 916 1292 1019 1360; x_wconf 86' lang='lat' dir='ltr'><strong>episto-</strong></span> 
     </span>
     <span class='ocr_line' id='line_1_13' title="bbox 227 1382 1019 1453; baseline -0.008 -14"><span class='ocrx_word' id='word_1_81' title='bbox 227 1388 277 1439; x_wconf 89' lang='lat' dir='ltr'><strong>lant</strong></span> <span class='ocrx_word' id='word_1_82' title='bbox 293 1384 427 1449; x_wconf 89' lang='lat' dir='ltr'><strong>ediderit;</strong></span> <span class='ocrx_word' id='word_1_83' title='bbox 447 1391 530 1453; x_wconf 86' lang='lat' dir='ltr'><strong>tuque</strong></span> <span class='ocrx_word' id='word_1_84' title='bbox 554 1393 695 1453; x_wconf 87' lang='lat' dir='ltr'><strong>propterea</strong></span> <span class='ocrx_word' id='word_1_85' title='bbox 724 1382 831 1436; x_wconf 85' lang='lat' dir='ltr'><strong>vivendi</strong></span> <span class='ocrx_word' id='word_1_86' title='bbox 854 1397 975 1436; x_wconf 87' lang='lat' dir='ltr'><strong>nonnam</strong></span> <span class='ocrx_word' id='word_1_87' title='bbox 994 1382 1019 1434; x_wconf 92' lang='lat' dir='ltr'><strong>iu</strong></span> 
     </span>
     <span class='ocr_line' id='line_1_14' title="bbox 227 1474 1020 1545; baseline -0.004 -17"><span class='ocrx_word' id='word_1_88' title='bbox 227 1491 269 1540; x_wconf 87' lang='lat' dir='ltr'><strong>ca,</strong></span> <span class='ocrx_word' id='word_1_89' title='bbox 289 1484 319 1530; x_wconf 91' lang='lat' dir='ltr'><strong>ut</strong></span> <span class='ocrx_word' id='word_1_90' title='bbox 345 1475 489 1545; x_wconf 77' lang='lat' dir='ltr'><strong>praiertnr</strong></span> <span class='ocrx_word' id='word_1_91' title='bbox 511 1474 650 1541; x_wconf 83' lang='lat' dir='ltr'><strong>traditam,</strong></span> <span class='ocrx_word' id='word_1_92' title='bbox 670 1489 720 1543; x_wconf 91' lang='lat' dir='ltr'><strong>pro</strong></span> <span class='ocrx_word' id='word_1_93' title='bbox 745 1474 857 1528; x_wconf 89' lang='lat' dir='ltr'><strong>statutis</strong></span> <span class='ocrx_word' id='word_1_94' title='bbox 883 1475 1020 1528; x_wconf 80' lang='lat' dir='ltr'><strong>duntaxat</strong></span> 
     </span>
     <span class='ocr_line' id='line_1_15' title="bbox 225 1565 1018 1640; baseline -0.008 -18"><span class='ocrx_word' id='word_1_95' title='bbox 225 1570 345 1640; x_wconf 82' lang='lat' dir='ltr'><strong>ejusdem</strong></span> <span class='ocrx_word' id='word_1_96' title='bbox 362 1566 479 1629; x_wconf 88' lang='lat' dir='ltr'><strong>ortlinis,</strong></span> <span class='ocrx_word' id='word_1_97' title='bbox 498 1574 525 1618; x_wconf 89' lang='lat' dir='ltr'><strong>et</strong></span> <span class='ocrx_word' id='word_1_98' title='bbox 540 1581 593 1618; x_wconf 94' lang='lat' dir='ltr'><strong>nott</strong></span> <span class='ocrx_word' id='word_1_99' title='bbox 619 1565 743 1633; x_wconf 84' lang='lat' dir='ltr'><strong>regulam</strong></span> <span class='ocrx_word' id='word_1_100' title='bbox 770 1566 901 1617; x_wconf 73' lang='lat' dir='ltr'><strong>imotenus</strong></span> <span class='ocrx_word' id='word_1_101' title='bbox 925 1577 1018 1616; x_wconf 88' lang='lat' dir='ltr'><strong>susce·</strong></span> 
     </span>
     <span class='ocr_line' id='line_1_16' title="bbox 227 1654 1018 1730; baseline -0.004 -21"><span class='ocrx_word' id='word_1_102' title='bbox 227 1661 310 1730; x_wconf 86' lang='lat' dir='ltr'><strong>peris,</strong></span> <span class='ocrx_word' id='word_1_103' title='bbox 330 1660 377 1712; x_wconf 89' lang='lat' dir='ltr'><strong>sed</strong></span> <span class='ocrx_word' id='word_1_104' title='bbox 404 1657 496 1711; x_wconf 86' lang='lat' dir='ltr'><strong>stabili</strong></span> <span class='ocrx_word' id='word_1_105' title='bbox 522 1655 613 1725; x_wconf 89' lang='lat' dir='ltr'><strong>potius</strong></span> <span class='ocrx_word' id='word_1_106' title='bbox 640 1654 818 1710; x_wconf 87' lang='lat' dir='ltr'><strong>laudamento</strong></span> <span class='ocrx_word' id='word_1_107' title='bbox 838 1670 887 1724; x_wconf 91' lang='lat' dir='ltr'><strong>pro</strong></span> <span class='ocrx_word' id='word_1_108' title='bbox 907 1655 1018 1708; x_wconf 90' lang='lat' dir='ltr'><strong>institu-</strong></span> 
     </span>
     <span class='ocr_line' id='line_1_17' title="bbox 229 1745 1020 1815; baseline -0.006 -12"><span class='ocrx_word' id='word_1_109' title='bbox 229 1752 304 1803; x_wconf 89' lang='lat' dir='ltr'><strong>tioue</strong></span> <span class='ocrx_word' id='word_1_110' title='bbox 322 1748 420 1815; x_wconf 70' lang='lat' dir='ltr'><strong>tegulae</strong></span> <span class='ocrx_word' id='word_1_111' title='bbox 440 1746 562 1814; x_wconf 78' lang='lat' dir='ltr'><strong>ejusdem</strong></span> <span class='ocrx_word' id='word_1_112' title='bbox 586 1745 679 1800; x_wconf 82' lang='lat' dir='ltr'><strong>Sancti</strong></span> <span class='ocrx_word' id='word_1_113' title='bbox 706 1746 818 1815; x_wconf 87' lang='lat' dir='ltr'><strong>provide</strong></span> <span class='ocrx_word' id='word_1_114' title='bbox 841 1760 888 1812; x_wconf 89' lang='lat' dir='ltr'><strong>per</strong></span> <span class='ocrx_word' id='word_1_115' title='bbox 913 1755 939 1798; x_wconf 90' lang='lat' dir='ltr'><strong>te</strong></span> <span class='ocrx_word' id='word_1_116' title='bbox 960 1758 1020 1799; x_wconf 85' lang='lat' dir='ltr'><strong>sue·</strong></span> 
     </span>
     <span class='ocr_line' id='line_1_18' title="bbox 226 1835 1020 1911; baseline -0.011 -14"><span class='ocrx_word' id='word_1_117' title='bbox 226 1853 315 1911; x_wconf 83' lang='lat' dir='ltr'><strong>cepto,</strong></span> <span class='ocrx_word' id='word_1_118' title='bbox 336 1856 368 1894; x_wconf 87' lang='lat' dir='ltr'><strong>cx</strong></span> <span class='ocrx_word' id='word_1_119' title='bbox 392 1840 507 1893; x_wconf 74' lang='lat' dir='ltr'><strong>divorsis</strong></span> <span class='ocrx_word' id='word_1_120' title='bbox 531 1837 655 1907; x_wconf 68' lang='lat' dir='ltr'><strong>epistulis</strong></span> <span class='ocrx_word' id='word_1_121' title='bbox 686 1846 714 1890; x_wconf 91' lang='lat' dir='ltr'><strong>et</strong></span> <span class='ocrx_word' id='word_1_122' title='bbox 739 1835 902 1889; x_wconf 86' lang='lat' dir='ltr'><strong>tractatibus</strong></span> <span class='ocrx_word' id='word_1_123' title='bbox 919 1851 966 1905; x_wconf 87' lang='lat' dir='ltr'><strong>per</strong></span> <span class='ocrx_word' id='word_1_124' title='bbox 981 1835 1020 1889; x_wconf 91' lang='lat' dir='ltr'><strong>di·</strong></span> 
     </span>
    </p>
   </div>
   <div class='ocr_carea' id='block_1_6' title="bbox 1070 645 1868 1908">
    <p class='ocr_par' dir='ltr' id='par_1_7' title="bbox 1070 645 1868 1908">
     <span class='ocr_line' id='line_1_19' title="bbox 1070 645 1862 717; baseline -0.003 -15"><span class='ocrx_word' id='word_1_125' title='bbox 1070 659 1096 702; x_wconf 83' lang='lat' dir='ltr'><strong>ci</strong></span> <span class='ocrx_word' id='word_1_126' title='bbox 1111 657 1275 702; x_wconf 86' lang='lat' dir='ltr'><strong>statutorum</strong></span> <span class='ocrx_word' id='word_1_127' title='bbox 1300 664 1349 717; x_wconf 80' lang='lat' dir='ltr'><strong>per</strong></span> <span class='ocrx_word' id='word_1_128' title='bbox 1366 657 1389 699; x_wconf 86' lang='lat' dir='ltr'><strong>ie</strong></span> <span class='ocrx_word' id='word_1_129' title='bbox 1401 654 1477 715; x_wconf 78' lang='lat' dir='ltr'><strong>Juxta</strong></span> <span class='ocrx_word' id='word_1_130' title='bbox 1497 645 1597 701; x_wconf 83' lang='lat' dir='ltr'><strong>dictatu</strong></span> <span class='ocrx_word' id='word_1_131' title='bbox 1619 649 1761 717; x_wconf 74' lang='lat' dir='ltr'><strong>epistolant</strong></span> <span class='ocrx_word' id='word_1_132' title='bbox 1777 647 1862 714; x_wconf 83' lang='lat' dir='ltr'><strong>Tepe-</strong></span> 
     </span>
     <span class='ocr_line' id='line_1_20' title="bbox 1070 738 1865 808; baseline -0.008 -16"><span class='ocrx_word' id='word_1_133' title='bbox 1070 755 1144 793; x_wconf 86' lang='lat' dir='ltr'><strong>sceus</strong></span> <span class='ocrx_word' id='word_1_134' title='bbox 1167 748 1370 808; x_wconf 70' lang='lat' dir='ltr'><strong>sttsteegvtnrttvrt,</strong></span> <span class='ocrx_word' id='word_1_135' title='bbox 1388 738 1451 791; x_wconf 89' lang='lat' dir='ltr'><strong>licet</strong></span> <span class='ocrx_word' id='word_1_136' title='bbox 1473 739 1637 792; x_wconf 85' lang='lat' dir='ltr'><strong>auctoritare</strong></span> <span class='ocrx_word' id='word_1_137' title='bbox 1656 740 1729 794; x_wconf 82' lang='lat' dir='ltr'><strong>sedis</strong></span> <span class='ocrx_word' id='word_1_138' title='bbox 1752 751 1865 806; x_wconf 73' lang='lat' dir='ltr'><strong>aposto.</strong></span> 
     </span>
     <span class='ocr_line' id='line_1_21' title="bbox 1070 828 1863 921; baseline 0.001 -37"><span class='ocrx_word' id='word_1_139' title='bbox 1070 829 1130 884; x_wconf 81' lang='lat' dir='ltr'><strong>iicae</strong></span> <span class='ocrx_word' id='word_1_140' title='bbox 1152 830 1384 921; x_wconf 69' lang='lat' dir='ltr'><strong>coniirtuatorptm,</strong></span> <span class='ocrx_word' id='word_1_141' title='bbox 1402 828 1590 894; x_wconf 86' lang='lat' dir='ltr'><strong>observantia,</strong></span> <span class='ocrx_word' id='word_1_142' title='bbox 1607 845 1639 883; x_wconf 81' lang='lat' dir='ltr'><strong>ex</strong></span> <span class='ocrx_word' id='word_1_143' title='bbox 1664 839 1729 885; x_wconf 88' lang='lat' dir='ltr'><strong>tune</strong></span> <span class='ocrx_word' id='word_1_144' title='bbox 1752 834 1863 897; x_wconf 83' lang='lat' dir='ltr'><strong>penitus</strong></span> 
     </span>
     <span class='ocr_line' id='line_1_22' title="bbox 1071 922 1864 992; baseline 0.003 -16"><span class='ocrx_word' id='word_1_145' title='bbox 1071 922 1211 976; x_wconf 83' lang='lat' dir='ltr'><strong>absolutos</strong></span> <span class='ocrx_word' id='word_1_146' title='bbox 1236 936 1298 976; x_wconf 78' lang='lat' dir='ltr'><strong>esse</strong></span> <span class='ocrx_word' id='word_1_147' title='bbox 1323 923 1461 988; x_wconf 87' lang='lat' dir='ltr'><strong>vrtltttuns,</strong></span> <span class='ocrx_word' id='word_1_148' title='bbox 1478 933 1505 976; x_wconf 88' lang='lat' dir='ltr'><strong>et</strong></span> <span class='ocrx_word' id='word_1_149' title='bbox 1525 925 1699 976; x_wconf 86' lang='lat' dir='ltr'><strong>decernimus</strong></span> <span class='ocrx_word' id='word_1_150' title='bbox 1720 937 1769 990; x_wconf 81' lang='lat' dir='ltr'><strong>prr</strong></span> <span class='ocrx_word' id='word_1_151' title='bbox 1791 939 1864 992; x_wconf 74' lang='lat' dir='ltr'><strong>prae·</strong></span> 
     </span>
     <span class='ocr_line' id='line_1_23' title="bbox 1072 1013 1864 1078; baseline 0 -11"><span class='ocrx_word' id='word_1_152' title='bbox 1072 1024 1175 1078; x_wconf 86' lang='lat' dir='ltr'><strong>sentes,</strong></span> <span class='ocrx_word' id='word_1_153' title='bbox 1193 1014 1273 1067; x_wconf 88' lang='lat' dir='ltr'><strong>etiam</strong></span> <span class='ocrx_word' id='word_1_154' title='bbox 1288 1022 1338 1066; x_wconf 89' lang='lat' dir='ltr'><strong>sub</strong></span> <span class='ocrx_word' id='word_1_155' title='bbox 1355 1013 1444 1068; x_wconf 87' lang='lat' dir='ltr'><strong>modis</strong></span> <span class='ocrx_word' id='word_1_156' title='bbox 1462 1022 1489 1067; x_wconf 90' lang='lat' dir='ltr'><strong>ct</strong></span> <span class='ocrx_word' id='word_1_157' title='bbox 1517 1013 1613 1068; x_wconf 87' lang='lat' dir='ltr'><strong>iormis</strong></span> <span class='ocrx_word' id='word_1_158' title='bbox 1628 1014 1653 1066; x_wconf 91' lang='lat' dir='ltr'><strong>ln</strong></span> <span class='ocrx_word' id='word_1_159' title='bbox 1668 1014 1748 1067; x_wconf 88' lang='lat' dir='ltr'><strong>dictis</strong></span> <span class='ocrx_word' id='word_1_160' title='bbox 1763 1013 1864 1067; x_wconf 83' lang='lat' dir='ltr'><strong>litteris</strong></span> 
     </span>
     <span class='ocr_line' id='line_1_24' title="bbox 1071 1105 1865 1175; baseline -0.001 -15"><span class='ocrx_word' id='word_1_161' title='bbox 1071 1106 1221 1175; x_wconf 77' lang='lat' dir='ltr'><strong>expressis,</strong></span> <span class='ocrx_word' id='word_1_162' title='bbox 1236 1106 1286 1160; x_wconf 94' lang='lat' dir='ltr'><strong>tibi</strong></span> <span class='ocrx_word' id='word_1_163' title='bbox 1299 1106 1381 1160; x_wconf 88' lang='lat' dir='ltr'><strong>etiam</strong></span> <span class='ocrx_word' id='word_1_164' title='bbox 1399 1122 1452 1175; x_wconf 81' lang='lat' dir='ltr'><strong>otto</strong></span> <span class='ocrx_word' id='word_1_165' title='bbox 1468 1107 1501 1159; x_wconf 92' lang='lat' dir='ltr'><strong>ad</strong></span> <span class='ocrx_word' id='word_1_166' title='bbox 1517 1108 1569 1160; x_wconf 92' lang='lat' dir='ltr'><strong>boc</strong></span> <span class='ocrx_word' id='word_1_167' title='bbox 1581 1105 1736 1173; x_wconf 85' lang='lat' dir='ltr'><strong>strliragari,</strong></span> <span class='ocrx_word' id='word_1_168' title='bbox 1750 1113 1778 1159; x_wconf 88' lang='lat' dir='ltr'><strong>et</strong></span> <span class='ocrx_word' id='word_1_169' title='bbox 1793 1107 1865 1159; x_wconf 85' lang='lat' dir='ltr'><strong>allas</strong></span> 
     </span>
     <span class='ocr_line' id='line_1_25' title="bbox 1072 1196 1864 1263; baseline 0.004 -15"><span class='ocrx_word' id='word_1_170' title='bbox 1072 1197 1098 1248; x_wconf 89' lang='lat' dir='ltr'><strong>iu</strong></span> <span class='ocrx_word' id='word_1_171' title='bbox 1123 1211 1173 1251; x_wconf 89' lang='lat' dir='ltr'><strong>suo</strong></span> <span class='ocrx_word' id='word_1_172' title='bbox 1198 1198 1297 1251; x_wconf 79' lang='lat' dir='ltr'><strong>tuliore</strong></span> <span class='ocrx_word' id='word_1_173' title='bbox 1324 1211 1487 1263; x_wconf 88' lang='lat' dir='ltr'><strong>permanere</strong></span> <span class='ocrx_word' id='word_1_174' title='bbox 1513 1197 1638 1250; x_wconf 91' lang='lat' dir='ltr'><strong>volumus</strong></span> <span class='ocrx_word' id='word_1_175' title='bbox 1663 1196 1864 1251; x_wconf 85' lang='lat' dir='ltr'><strong>observandam</strong></span> 
     </span>
     <span class='ocr_line' id='line_1_26' title="bbox 1071 1287 1865 1355; baseline 0.001 -15"><span class='ocrx_word' id='word_1_176' title='bbox 1071 1287 1206 1350; x_wconf 83' lang='lat' dir='ltr'><strong>tradendi,</strong></span> <span class='ocrx_word' id='word_1_177' title='bbox 1223 1297 1250 1341; x_wconf 88' lang='lat' dir='ltr'><strong>et</strong></span> <span class='ocrx_word' id='word_1_178' title='bbox 1268 1287 1436 1355; x_wconf 85' lang='lat' dir='ltr'><strong>publicandi,</strong></span> <span class='ocrx_word' id='word_1_179' title='bbox 1455 1289 1562 1355; x_wconf 86' lang='lat' dir='ltr'><strong>plenam</strong></span> <span class='ocrx_word' id='word_1_180' title='bbox 1583 1297 1610 1342; x_wconf 91' lang='lat' dir='ltr'><strong>et</strong></span> <span class='ocrx_word' id='word_1_181' title='bbox 1633 1288 1747 1341; x_wconf 91' lang='lat' dir='ltr'><strong>liberam</strong></span> <span class='ocrx_word' id='word_1_182' title='bbox 1770 1301 1865 1341; x_wconf 74' lang='lat' dir='ltr'><strong>artu-to-</strong></span> 
     </span>
     <span class='ocr_line' id='line_1_27' title="bbox 1073 1379 1866 1446; baseline 0.003 -16"><span class='ocrx_word' id='word_1_183' title='bbox 1073 1379 1153 1432; x_wconf 88' lang='lat' dir='ltr'><strong>ritate</strong></span> <span class='ocrx_word' id='word_1_184' title='bbox 1176 1381 1321 1445; x_wconf 88' lang='lat' dir='ltr'><strong>apostolica</strong></span> <span class='ocrx_word' id='word_1_185' title='bbox 1352 1389 1448 1434; x_wconf 92' lang='lat' dir='ltr'><strong>tenore</strong></span> <span class='ocrx_word' id='word_1_186' title='bbox 1473 1381 1666 1446; x_wconf 80' lang='lat' dir='ltr'><strong>praesentium,</strong></span> <span class='ocrx_word' id='word_1_187' title='bbox 1688 1379 1866 1434; x_wconf 82' lang='lat' dir='ltr'><strong>rotscedintus</strong></span> 
     </span>
     <span class='ocr_line' id='line_1_28' title="bbox 1072 1470 1868 1539; baseline 0.003 -15"><span class='ocrx_word' id='word_1_188' title='bbox 1072 1470 1240 1536; x_wconf 86' lang='lat' dir='ltr'><strong>laenitatem,</strong></span> <span class='ocrx_word' id='word_1_189' title='bbox 1267 1472 1402 1534; x_wconf 87' lang='lat' dir='ltr'><strong>toletrtcs,</strong></span> <span class='ocrx_word' id='word_1_190' title='bbox 1429 1480 1457 1527; x_wconf 88' lang='lat' dir='ltr'><strong>et</strong></span> <span class='ocrx_word' id='word_1_191' title='bbox 1483 1475 1649 1528; x_wconf 86' lang='lat' dir='ltr'><strong>auctoritate</strong></span> <span class='ocrx_word' id='word_1_192' title='bbox 1673 1473 1785 1539; x_wconf 77' lang='lat' dir='ltr'><strong>prseiats</strong></span> <span class='ocrx_word' id='word_1_193' title='bbox 1809 1483 1868 1527; x_wconf 88' lang='lat' dir='ltr'><strong>sta-</strong></span> 
     </span>
     <span class='ocr_line' id='line_1_29' title="bbox 1074 1564 1865 1633; baseline 0.004 -18"><span class='ocrx_word' id='word_1_194' title='bbox 1074 1573 1193 1628; x_wconf 87' lang='lat' dir='ltr'><strong>tuentes,</strong></span> <span class='ocrx_word' id='word_1_195' title='bbox 1209 1567 1281 1632; x_wconf 84' lang='lat' dir='ltr'><strong>qnod</strong></span> <span class='ocrx_word' id='word_1_196' title='bbox 1301 1574 1444 1633; x_wconf 83' lang='lat' dir='ltr'><strong>postquam</strong></span> <span class='ocrx_word' id='word_1_197' title='bbox 1464 1564 1583 1633; x_wconf 74' lang='lat' dir='ltr'><strong>rugulusu</strong></span> <span class='ocrx_word' id='word_1_198' title='bbox 1605 1564 1761 1632; x_wconf 88' lang='lat' dir='ltr'><strong>hujusmodi</strong></span> <span class='ocrx_word' id='word_1_199' title='bbox 1779 1564 1865 1618; x_wconf 75' lang='lat' dir='ltr'><strong>tradiv</strong></span> 
     </span>
     <span class='ocr_line' id='line_1_30' title="bbox 1073 1653 1864 1725; baseline -0.001 -18"><span class='ocrx_word' id='word_1_200' title='bbox 1073 1653 1166 1715; x_wconf 84' lang='lat' dir='ltr'><strong>deris,</strong></span> <span class='ocrx_word' id='word_1_201' title='bbox 1196 1653 1401 1724; x_wconf 87' lang='lat' dir='ltr'><strong>publicaveris,</strong></span> <span class='ocrx_word' id='word_1_202' title='bbox 1429 1666 1460 1709; x_wconf 92' lang='lat' dir='ltr'><strong>nt</strong></span> <span class='ocrx_word' id='word_1_203' title='bbox 1493 1655 1648 1725; x_wconf 76' lang='lat' dir='ltr'><strong>prefertur,</strong></span> <span class='ocrx_word' id='word_1_204' title='bbox 1669 1671 1701 1709; x_wconf 86' lang='lat' dir='ltr'><strong>cx</strong></span> <span class='ocrx_word' id='word_1_205' title='bbox 1732 1665 1796 1710; x_wconf 91' lang='lat' dir='ltr'><strong>tunc</strong></span> <span class='ocrx_word' id='word_1_206' title='bbox 1826 1668 1864 1722; x_wconf 85' lang='lat' dir='ltr'><strong>tu,</strong></span> 
     </span>
     <span class='ocr_line' id='line_1_31' title="bbox 1073 1745 1865 1815; baseline 0.001 -17"><span class='ocrx_word' id='word_1_207' title='bbox 1073 1746 1194 1813; x_wconf 77' lang='lat' dir='ltr'><strong>priores,</strong></span> <span class='ocrx_word' id='word_1_208' title='bbox 1226 1745 1375 1810; x_wconf 88' lang='lat' dir='ltr'><strong>roonaclti,</strong></span> <span class='ocrx_word' id='word_1_209' title='bbox 1403 1745 1520 1809; x_wconf 77' lang='lat' dir='ltr'><strong>iratres,</strong></span> <span class='ocrx_word' id='word_1_210' title='bbox 1544 1755 1571 1800; x_wconf 92' lang='lat' dir='ltr'><strong>et</strong></span> <span class='ocrx_word' id='word_1_211' title='bbox 1597 1760 1721 1815; x_wconf 84' lang='lat' dir='ltr'><strong>personae</strong></span> <span class='ocrx_word' id='word_1_212' title='bbox 1740 1747 1865 1815; x_wconf 75' lang='lat' dir='ltr'><strong>predicti</strong></span> 
     </span>
     <span class='ocr_line' id='line_1_32' title="bbox 1073 1837 1866 1908; baseline 0.004 -17"><span class='ocrx_word' id='word_1_213' title='bbox 1073 1837 1189 1901; x_wconf 89' lang='lat' dir='ltr'><strong>ordinis,</strong></span> <span class='ocrx_word' id='word_1_214' title='bbox 1205 1838 1354 1892; x_wconf 84' lang='lat' dir='ltr'><strong>secundum</strong></span> <span class='ocrx_word' id='word_1_215' title='bbox 1371 1838 1447 1893; x_wconf 86' lang='lat' dir='ltr'><strong>iiiam</strong></span> <span class='ocrx_word' id='word_1_216' title='bbox 1463 1845 1524 1891; x_wconf 88' lang='lat' dir='ltr'><strong>vota</strong></span> <span class='ocrx_word' id='word_1_217' title='bbox 1543 1838 1706 1908; x_wconf 88' lang='lat' dir='ltr'><strong>principalia</strong></span> <span class='ocrx_word' id='word_1_218' title='bbox 1723 1838 1866 1908; x_wconf 88' lang='lat' dir='ltr'><strong>religionis</strong></span> 
     </span>
    </p>
   </div>
   <div class='ocr_carea' id='block_1_7' title="bbox 228 1925 1866 2182">
    <p class='ocr_par' dir='ltr' id='par_1_8' title="bbox 228 1925 1866 2182">
     <span class='ocr_line' id='line_1_33' title="bbox 228 1925 1865 2001; baseline -0.002 -13"><span class='ocrx_word' id='word_1_219' title='bbox 228 1942 301 1987; x_wconf 88' lang='lat' dir='ltr'><strong>ctum</strong></span> <span class='ocrx_word' id='word_1_220' title='bbox 319 1931 347 1985; x_wconf 88' lang='lat' dir='ltr'><strong>S.</strong></span> <span class='ocrx_word' id='word_1_221' title='bbox 367 1928 559 2000; x_wconf 83' lang='lat' dir='ltr'><strong>llieronytntnn</strong></span> <span class='ocrx_word' id='word_1_222' title='bbox 577 1928 668 1992; x_wconf 88' lang='lat' dir='ltr'><strong>editis,</strong></span> <span class='ocrx_word' id='word_1_223' title='bbox 682 1937 709 1982; x_wconf 92' lang='lat' dir='ltr'><strong>et</strong></span> <span class='ocrx_word' id='word_1_224' title='bbox 730 1943 777 1998; x_wconf 88' lang='lat' dir='ltr'><strong>per</strong></span> <span class='ocrx_word' id='word_1_225' title='bbox 792 1926 942 1981; x_wconf 85' lang='lat' dir='ltr'><strong>Ecclesiam</strong></span> <span class='ocrx_word' id='word_1_226' title='bbox 965 1941 1014 1994; x_wconf 90' lang='lat' dir='ltr'><strong>ap·</strong></span> <span class='ocrx_word' id='word_1_227' title='bbox 1032 1925 1054 1983; x_wconf 85' lang='lat' dir='ltr'><strong>ll</strong></span> <span class='ocrx_word' id='word_1_228' title='bbox 1069 1929 1223 1998; x_wconf 85' lang='lat' dir='ltr'><strong>itojtrsntodi</strong></span> <span class='ocrx_word' id='word_1_229' title='bbox 1240 1931 1383 1992; x_wconf 86' lang='lat' dir='ltr'><strong>emittere,</strong></span> <span class='ocrx_word' id='word_1_230' title='bbox 1411 1929 1532 2001; x_wconf 90' lang='lat' dir='ltr'><strong>proilteri</strong></span> <span class='ocrx_word' id='word_1_231' title='bbox 1549 1941 1577 1985; x_wconf 87' lang='lat' dir='ltr'><strong>et</strong></span> <span class='ocrx_word' id='word_1_232' title='bbox 1594 1931 1688 1985; x_wconf 87' lang='lat' dir='ltr'><strong>vivere</strong></span> <span class='ocrx_word' id='word_1_233' title='bbox 1705 1933 1865 1986; x_wconf 85' lang='lat' dir='ltr'><strong>teneamini.</strong></span> 
     </span>
     <span class='ocr_line' id='line_1_34' title="bbox 230 2016 1865 2095; baseline -0.001 -19"><span class='ocrx_word' id='word_1_234' title='bbox 230 2025 368 2095; x_wconf 87' lang='lat' dir='ltr'><strong>probatis,</strong></span> <span class='ocrx_word' id='word_1_235' title='bbox 398 2019 528 2075; x_wconf 89' lang='lat' dir='ltr'><strong>notmnlla</strong></span> <span class='ocrx_word' id='word_1_236' title='bbox 558 2034 649 2073; x_wconf 89' lang='lat' dir='ltr'><strong>veram</strong></span> <span class='ocrx_word' id='word_1_237' title='bbox 677 2018 815 2088; x_wconf 67' lang='lat' dir='ltr'><strong>religionis</strong></span> <span class='ocrx_word' id='word_1_238' title='bbox 843 2016 1015 2081; x_wconf 83' lang='lat' dir='ltr'><strong>doctrinam,</strong></span> <span class='ocrx_word' id='word_1_239' title='bbox 1107 2022 1132 2074; x_wconf 83' lang='lat' dir='ltr'><strong>l.</strong></span> <span class='ocrx_word' id='word_1_240' title='bbox 1153 2021 1260 2091; x_wconf 79' lang='lat' dir='ltr'><strong>Vosque</strong></span> <span class='ocrx_word' id='word_1_241' title='bbox 1284 2033 1311 2077; x_wconf 91' lang='lat' dir='ltr'><strong>et</strong></span> <span class='ocrx_word' id='word_1_242' title='bbox 1335 2036 1425 2077; x_wconf 92' lang='lat' dir='ltr'><strong>mores</strong></span> <span class='ocrx_word' id='word_1_243' title='bbox 1447 2032 1553 2077; x_wconf 88' lang='lat' dir='ltr'><strong>vestros</strong></span> <span class='ocrx_word' id='word_1_244' title='bbox 1572 2031 1626 2076; x_wconf 93' lang='lat' dir='ltr'><strong>tam</strong></span> <span class='ocrx_word' id='word_1_245' title='bbox 1644 2024 1733 2078; x_wconf 91' lang='lat' dir='ltr'><strong>eidem</strong></span> <span class='ocrx_word' id='word_1_246' title='bbox 1752 2026 1865 2094; x_wconf 84' lang='lat' dir='ltr'><strong>regulae,</strong></span> 
     </span>
     <span class='ocr_line' id='line_1_35' title="bbox 229 2106 1866 2182; baseline 0.002 -17"><span class='ocrx_word' id='word_1_247' title='bbox 229 2116 366 2182; x_wconf 83' lang='lat' dir='ltr'><strong>vitamque</strong></span> <span class='ocrx_word' id='word_1_248' title='bbox 391 2109 591 2173; x_wconf 88' lang='lat' dir='ltr'><strong>monacbalcm,</strong></span> <span class='ocrx_word' id='word_1_249' title='bbox 610 2123 690 2178; x_wconf 81' lang='lat' dir='ltr'><strong>quam</strong></span> <span class='ocrx_word' id='word_1_250' title='bbox 718 2108 790 2162; x_wconf 90' lang='lat' dir='ltr'><strong>idem</strong></span> <span class='ocrx_word' id='word_1_251' title='bbox 816 2106 932 2162; x_wconf 83' lang='lat' dir='ltr'><strong>Sanctus</strong></span> <span class='ocrx_word' id='word_1_252' title='bbox 954 2122 1016 2163; x_wconf 89' lang='lat' dir='ltr'><strong>cuns</strong></span> <span class='ocrx_word' id='word_1_253' title='bbox 1069 2126 1151 2180; x_wconf 84' lang='lat' dir='ltr'><strong>qnam</strong></span> <span class='ocrx_word' id='word_1_254' title='bbox 1174 2113 1256 2166; x_wconf 88' lang='lat' dir='ltr'><strong>etiam</strong></span> <span class='ocrx_word' id='word_1_255' title='bbox 1283 2112 1356 2166; x_wconf 89' lang='lat' dir='ltr'><strong>illins</strong></span> <span class='ocrx_word' id='word_1_256' title='bbox 1378 2111 1520 2178; x_wconf 82' lang='lat' dir='ltr'><strong>doctrinae,</strong></span> <span class='ocrx_word' id='word_1_257' title='bbox 1538 2122 1569 2169; x_wconf 84' lang='lat' dir='ltr'><strong>et</strong></span> <span class='ocrx_word' id='word_1_258' title='bbox 1591 2113 1726 2169; x_wconf 89' lang='lat' dir='ltr'><strong>institutis</strong></span> <span class='ocrx_word' id='word_1_259' title='bbox 1745 2113 1773 2166; x_wconf 94' lang='lat' dir='ltr'><strong>iu</strong></span> <span class='ocrx_word' id='word_1_260' title='bbox 1792 2129 1866 2182; x_wconf 85' lang='lat' dir='ltr'><strong>qua-</strong></span> 
     </span>
    </p>
   </div>
   <div class='ocr_carea' id='block_1_8' title="bbox 229 2200 1866 2277">
    <p class='ocr_par' dir='ltr' id='par_1_9' title="bbox 229 2200 1866 2277">
     <span class='ocr_line' id='line_1_36' title="bbox 229 2200 1866 2277; baseline -0.001 -15"><span class='ocrx_word' id='word_1_261' title='bbox 229 2209 286 2262; x_wconf 84' lang='lat' dir='ltr'><strong>snis</strong></span> <span class='ocrx_word' id='word_1_262' title='bbox 299 2203 439 2260; x_wconf 87' lang='lat' dir='ltr'><strong>monacbis</strong></span> <span class='ocrx_word' id='word_1_263' title='bbox 451 2213 478 2256; x_wconf 89' lang='lat' dir='ltr'><strong>ot</strong></span> <span class='ocrx_word' id='word_1_264' title='bbox 489 2200 620 2255; x_wconf 88' lang='lat' dir='ltr'><strong>iratribus</strong></span> <span class='ocrx_word' id='word_1_265' title='bbox 635 2202 662 2254; x_wconf 89' lang='lat' dir='ltr'><strong>iu</strong></span> <span class='ocrx_word' id='word_1_266' title='bbox 676 2201 737 2269; x_wconf 77' lang='lat' dir='ltr'><strong>eins</strong></span> <span class='ocrx_word' id='word_1_267' title='bbox 753 2201 808 2255; x_wconf 91' lang='lat' dir='ltr'><strong>vita</strong></span> <span class='ocrx_word' id='word_1_268' title='bbox 824 2201 851 2255; x_wconf 93' lang='lat' dir='ltr'><strong>in</strong></span> <span class='ocrx_word' id='word_1_269' title='bbox 868 2201 1015 2267; x_wconf 85' lang='lat' dir='ltr'><strong>eortrmoni,</strong></span> <span class='ocrx_word' id='word_1_270' title='bbox 1070 2205 1133 2258; x_wconf 89' lang='lat' dir='ltr'><strong>dam</strong></span> <span class='ocrx_word' id='word_1_271' title='bbox 1156 2204 1273 2271; x_wconf 89' lang='lat' dir='ltr'><strong>epistola</strong></span> <span class='ocrx_word' id='word_1_272' title='bbox 1296 2218 1346 2274; x_wconf 88' lang='lat' dir='ltr'><strong>per</strong></span> <span class='ocrx_word' id='word_1_273' title='bbox 1369 2213 1494 2259; x_wconf 86' lang='lat' dir='ltr'><strong>savtctntn</strong></span> <span class='ocrx_word' id='word_1_274' title='bbox 1520 2204 1668 2260; x_wconf 80' lang='lat' dir='ltr'><strong>Ettsebiutn</strong></span> <span class='ocrx_word' id='word_1_275' title='bbox 1694 2206 1866 2277; x_wconf 88' lang='lat' dir='ltr'><strong>discipulum</strong></span> 
     </span>
    </p>
   </div>
   <div class='ocr_carea' id='block_1_9' title="bbox 228 2290 1019 2732">
    <p class='ocr_par' dir='ltr' id='par_1_10' title="bbox 228 2290 1019 2732">
     <span class='ocr_line' id='line_1_37' title="bbox 228 2290 1019 2369; baseline -0.006 -20"><span class='ocrx_word' id='word_1_276' title='bbox 228 2317 281 2369; x_wconf 78' lang='lat' dir='ltr'><strong>quo</strong></span> <span class='ocrx_word' id='word_1_277' title='bbox 297 2301 330 2352; x_wconf 89' lang='lat' dir='ltr'><strong>ad</strong></span> <span class='ocrx_word' id='word_1_278' title='bbox 346 2312 378 2352; x_wconf 87' lang='lat' dir='ltr'><strong>ea</strong></span> <span class='ocrx_word' id='word_1_279' title='bbox 396 2311 456 2365; x_wconf 83' lang='lat' dir='ltr'><strong>quae</strong></span> <span class='ocrx_word' id='word_1_280' title='bbox 471 2294 629 2364; x_wconf 85' lang='lat' dir='ltr'><strong>principalia</strong></span> <span class='ocrx_word' id='word_1_281' title='bbox 645 2301 710 2348; x_wconf 91' lang='lat' dir='ltr'><strong>sunt</strong></span> <span class='ocrx_word' id='word_1_282' title='bbox 722 2298 821 2357; x_wconf 85' lang='lat' dir='ltr'><strong>status,</strong></span> <span class='ocrx_word' id='word_1_283' title='bbox 841 2301 868 2346; x_wconf 90' lang='lat' dir='ltr'><strong>et</strong></span> <span class='ocrx_word' id='word_1_284' title='bbox 884 2290 944 2345; x_wconf 77' lang='lat' dir='ltr'><strong>vitu</strong></span> <span class='ocrx_word' id='word_1_285' title='bbox 960 2306 1019 2345; x_wconf 90' lang='lat' dir='ltr'><strong>mo·</strong></span> 
     </span>
     <span class='ocr_line' id='line_1_38' title="bbox 228 2382 1018 2458; baseline -0.011 -12"><span class='ocrx_word' id='word_1_286' title='bbox 228 2390 363 2454; x_wconf 79' lang='lat' dir='ltr'><strong>nucitalis,</strong></span> <span class='ocrx_word' id='word_1_287' title='bbox 376 2403 423 2458; x_wconf 92' lang='lat' dir='ltr'><strong>per</strong></span> <span class='ocrx_word' id='word_1_288' title='bbox 435 2389 520 2440; x_wconf 89' lang='lat' dir='ltr'><strong>multa</strong></span> <span class='ocrx_word' id='word_1_289' title='bbox 532 2396 559 2440; x_wconf 89' lang='lat' dir='ltr'><strong>ot</strong></span> <span class='ocrx_word' id='word_1_290' title='bbox 573 2382 706 2454; x_wconf 87' lang='lat' dir='ltr'><strong>usquead</strong></span> <span class='ocrx_word' id='word_1_291' title='bbox 728 2383 818 2438; x_wconf 87' lang='lat' dir='ltr'><strong>obitus</strong></span> <span class='ocrx_word' id='word_1_292' title='bbox 834 2385 876 2438; x_wconf 90' lang='lat' dir='ltr'><strong>sui</strong></span> <span class='ocrx_word' id='word_1_293' title='bbox 894 2393 1018 2452; x_wconf 89' lang='lat' dir='ltr'><strong>tempora</strong></span> 
     </span>
     <span class='ocr_line' id='line_1_39' title="bbox 228 2475 1019 2547; baseline -0.015 -9"><span class='ocrx_word' id='word_1_294' title='bbox 228 2479 397 2542; x_wconf 88' lang='lat' dir='ltr'><strong>observavit,</strong></span> <span class='ocrx_word' id='word_1_295' title='bbox 411 2487 438 2532; x_wconf 90' lang='lat' dir='ltr'><strong>et</strong></span> <span class='ocrx_word' id='word_1_296' title='bbox 451 2478 559 2547; x_wconf 83' lang='lat' dir='ltr'><strong>aliquos</strong></span> <span class='ocrx_word' id='word_1_297' title='bbox 573 2476 643 2529; x_wconf 88' lang='lat' dir='ltr'><strong>alios</strong></span> <span class='ocrx_word' id='word_1_298' title='bbox 656 2477 806 2528; x_wconf 84' lang='lat' dir='ltr'><strong>obsermte</strong></span> <span class='ocrx_word' id='word_1_299' title='bbox 822 2475 938 2535; x_wconf 90' lang='lat' dir='ltr'><strong>monuit,</strong></span> <span class='ocrx_word' id='word_1_300' title='bbox 953 2489 1019 2528; x_wconf 91' lang='lat' dir='ltr'><strong>con·</strong></span> 
     </span>
     <span class='ocr_line' id='line_1_40' title="bbox 229 2565 1015 2636; baseline -0.015 -7"><span class='ocrx_word' id='word_1_301' title='bbox 229 2573 341 2629; x_wconf 79' lang='lat' dir='ltr'><strong>tinentia</strong></span> <span class='ocrx_word' id='word_1_302' title='bbox 356 2569 519 2632; x_wconf 85' lang='lat' dir='ltr'><strong>extraxeris,</strong></span> <span class='ocrx_word' id='word_1_303' title='bbox 534 2565 738 2636; x_wconf 89' lang='lat' dir='ltr'><strong>compilaveris,</strong></span> <span class='ocrx_word' id='word_1_304' title='bbox 755 2572 781 2619; x_wconf 91' lang='lat' dir='ltr'><strong>et</strong></span> <span class='ocrx_word' id='word_1_305' title='bbox 799 2565 872 2618; x_wconf 86' lang='lat' dir='ltr'><strong>velut</strong></span> <span class='ocrx_word' id='word_1_306' title='bbox 888 2566 915 2618; x_wconf 93' lang='lat' dir='ltr'><strong>in</strong></span> <span class='ocrx_word' id='word_1_307' title='bbox 933 2579 1015 2618; x_wconf 93' lang='lat' dir='ltr'><strong>unum</strong></span> 
     </span>
     <span class='ocr_line' id='line_1_41' title="bbox 228 2656 1016 2732; baseline -0.014 -13"><span class='ocrx_word' id='word_1_308' title='bbox 228 2678 327 2732; x_wconf 85' lang='lat' dir='ltr'><strong>corpus</strong></span> <span class='ocrx_word' id='word_1_309' title='bbox 343 2663 393 2716; x_wconf 89' lang='lat' dir='ltr'><strong>sub</strong></span> <span class='ocrx_word' id='word_1_310' title='bbox 409 2659 490 2714; x_wconf 88' lang='lat' dir='ltr'><strong>certis</strong></span> <span class='ocrx_word' id='word_1_311' title='bbox 508 2658 594 2711; x_wconf 91' lang='lat' dir='ltr'><strong>titulis</strong></span> <span class='ocrx_word' id='word_1_312' title='bbox 611 2656 765 2719; x_wconf 87' lang='lat' dir='ltr'><strong>reduxeris,</strong></span> <span class='ocrx_word' id='word_1_313' title='bbox 782 2656 833 2710; x_wconf 90' lang='lat' dir='ltr'><strong>solt</strong></span> <span class='ocrx_word' id='word_1_314' title='bbox 854 2656 954 2726; x_wconf 87' lang='lat' dir='ltr'><strong>quibus</strong></span> <span class='ocrx_word' id='word_1_315' title='bbox 976 2661 1016 2720; x_wconf 91' lang='lat' dir='ltr'><strong>tu,</strong></span> 
     </span>
    </p>
   </div>
   <div class='ocr_carea' id='block_1_10' title="bbox 1069 2286 1932 2732">
    <p class='ocr_par' dir='ltr' id='par_1_11' title="bbox 1069 2286 1932 2732">
     <span class='ocr_line' id='line_1_42' title="bbox 1069 2286 1867 2366; baseline 0 -16"><span class='ocrx_word' id='word_1_316' title='bbox 1069 2295 1192 2365; x_wconf 81' lang='lat' dir='ltr'><strong>ejusdem</strong></span> <span class='ocrx_word' id='word_1_317' title='bbox 1208 2296 1295 2349; x_wconf 91' lang='lat' dir='ltr'><strong>sancti</strong></span> <span class='ocrx_word' id='word_1_318' title='bbox 1313 2286 1476 2365; x_wconf 76' lang='lat' dir='ltr'><strong>Hieronymi</strong></span> <span class='ocrx_word' id='word_1_319' title='bbox 1496 2295 1529 2349; x_wconf 91' lang='lat' dir='ltr'><strong>ad</strong></span> <span class='ocrx_word' id='word_1_320' title='bbox 1546 2295 1691 2350; x_wconf 82' lang='lat' dir='ltr'><strong>Damasum</strong></span> <span class='ocrx_word' id='word_1_321' title='bbox 1707 2298 1867 2366; x_wconf 85' lang='lat' dir='ltr'><strong>episcopum</strong></span> 
     </span>
     <span class='ocr_line' id='line_1_43' title="bbox 1070 2384 1864 2451; baseline 0 -11"><span class='ocrx_word' id='word_1_322' title='bbox 1070 2385 1246 2442; x_wconf 84' lang='lat' dir='ltr'><strong>Portuensem</strong></span> <span class='ocrx_word' id='word_1_323' title='bbox 1265 2397 1294 2440; x_wconf 89' lang='lat' dir='ltr'><strong>et</strong></span> <span class='ocrx_word' id='word_1_324' title='bbox 1313 2384 1491 2440; x_wconf 84' lang='lat' dir='ltr'><strong>Ttteodorum</strong></span> <span class='ocrx_word' id='word_1_325' title='bbox 1520 2386 1672 2442; x_wconf 85' lang='lat' dir='ltr'><strong>llotttanunt</strong></span> <span class='ocrx_word' id='word_1_326' title='bbox 1694 2398 1864 2451; x_wconf 75' lang='lat' dir='ltr'><strong>senatorem,</strong></span> 
     </span>
     <span class='ocr_line' id='line_1_44' title="bbox 1069 2470 1932 2551; baseline -0.002 -15"><span class='ocrx_word' id='word_1_327' title='bbox 1069 2482 1104 2538; x_wconf 89' lang='lat' dir='ltr'><strong>(le</strong></span> <span class='ocrx_word' id='word_1_328' title='bbox 1116 2482 1170 2535; x_wconf 83' lang='lat' dir='ltr'><strong>rita</strong></span> <span class='ocrx_word' id='word_1_329' title='bbox 1183 2489 1210 2536; x_wconf 88' lang='lat' dir='ltr'><strong>ei</strong></span> <span class='ocrx_word' id='word_1_330' title='bbox 1223 2479 1349 2534; x_wconf 87' lang='lat' dir='ltr'><strong>doctrina</strong></span> <span class='ocrx_word' id='word_1_331' title='bbox 1366 2481 1516 2551; x_wconf 71' lang='lat' dir='ltr'><strong>religionis,</strong></span> <span class='ocrx_word' id='word_1_332' title='bbox 1529 2495 1560 2534; x_wconf 88' lang='lat' dir='ltr'><strong>ac</strong></span> <span class='ocrx_word' id='word_1_333' title='bbox 1576 2481 1662 2544; x_wconf 91' lang='lat' dir='ltr'><strong>obitu,</strong></span> <span class='ocrx_word' id='word_1_334' title='bbox 1677 2491 1704 2535; x_wconf 87' lang='lat' dir='ltr'><strong>et</strong></span> <span class='ocrx_word' id='word_1_335' title='bbox 1720 2481 1862 2535; x_wconf 85' lang='lat' dir='ltr'><strong>utiraculis</strong></span> <span class='ocrx_word' id='word_1_336' title='bbox 1928 2470 1932 2475; x_wconf 37' lang='lat'>⁸</span> 
     </span>
     <span class='ocr_line' id='line_1_45' title="bbox 1070 2570 1862 2643; baseline -0.004 -15"><span class='ocrx_word' id='word_1_337' title='bbox 1070 2572 1157 2643; x_wconf 88' lang='lat' dir='ltr'><strong>ipsius</strong></span> <span class='ocrx_word' id='word_1_338' title='bbox 1177 2571 1265 2627; x_wconf 88' lang='lat' dir='ltr'><strong>saneti</strong></span> <span class='ocrx_word' id='word_1_339' title='bbox 1289 2570 1446 2640; x_wconf 82' lang='lat' dir='ltr'><strong>llieronymi</strong></span> <span class='ocrx_word' id='word_1_340' title='bbox 1470 2571 1607 2625; x_wconf 86' lang='lat' dir='ltr'><strong>destinata</strong></span> <span class='ocrx_word' id='word_1_341' title='bbox 1630 2573 1776 2638; x_wconf 88' lang='lat' dir='ltr'><strong>contentis,</strong></span> <span class='ocrx_word' id='word_1_342' title='bbox 1797 2587 1862 2625; x_wconf 88' lang='lat' dir='ltr'><strong>nee·</strong></span> 
     </span>
     <span class='ocr_line' id='line_1_46' title="bbox 1071 2659 1865 2732; baseline -0.003 -14"><span class='ocrx_word' id='word_1_343' title='bbox 1071 2678 1124 2718; x_wconf 88' lang='lat' dir='ltr'><strong>nott</strong></span> <span class='ocrx_word' id='word_1_344' title='bbox 1140 2677 1189 2732; x_wconf 83' lang='lat' dir='ltr'><strong>per</strong></span> <span class='ocrx_word' id='word_1_345' title='bbox 1201 2661 1328 2718; x_wconf 89' lang='lat' dir='ltr'><strong>eumdem</strong></span> <span class='ocrx_word' id='word_1_346' title='bbox 1344 2659 1376 2715; x_wconf 75' lang='lat' dir='ltr'><strong>S.</strong></span> <span class='ocrx_word' id='word_1_347' title='bbox 1390 2661 1583 2732; x_wconf 84' lang='lat' dir='ltr'><strong>llieronymum</strong></span> <span class='ocrx_word' id='word_1_348' title='bbox 1600 2662 1664 2715; x_wconf 88' lang='lat' dir='ltr'><strong>dum</strong></span> <span class='ocrx_word' id='word_1_349' title='bbox 1682 2661 1708 2714; x_wconf 91' lang='lat' dir='ltr'><strong>in</strong></span> <span class='ocrx_word' id='word_1_350' title='bbox 1730 2665 1865 2716; x_wconf 73' lang='lat' dir='ltr'><strong>estiensis</strong></span> 
     </span>
    </p>
   </div>
   <div class='ocr_carea' id='block_1_11' title="bbox 228 2743 1019 3189">
    <p class='ocr_par' dir='ltr' id='par_1_12' title="bbox 228 2743 1019 3189">
     <span class='ocr_line' id='line_1_47' title="bbox 228 2743 1017 2824; baseline -0.011 -17"><span class='ocrx_word' id='word_1_351' title='bbox 228 2763 257 2807; x_wconf 88' lang='lat' dir='ltr'><strong>et</strong></span> <span class='ocrx_word' id='word_1_352' title='bbox 277 2751 401 2824; x_wconf 85' lang='lat' dir='ltr'><strong>plerique</strong></span> <span class='ocrx_word' id='word_1_353' title='bbox 423 2747 470 2802; x_wconf 83' lang='lat' dir='ltr'><strong>alii</strong></span> <span class='ocrx_word' id='word_1_354' title='bbox 497 2747 624 2800; x_wconf 90' lang='lat' dir='ltr'><strong>rrtouacbi</strong></span> <span class='ocrx_word' id='word_1_355' title='bbox 643 2754 670 2801; x_wconf 87' lang='lat' dir='ltr'><strong>et</strong></span> <span class='ocrx_word' id='word_1_356' title='bbox 696 2743 795 2799; x_wconf 86' lang='lat' dir='ltr'><strong>iratres</strong></span> <span class='ocrx_word' id='word_1_357' title='bbox 812 2744 878 2799; x_wconf 85' lang='lat' dir='ltr'><strong>dicti</strong></span> <span class='ocrx_word' id='word_1_358' title='bbox 900 2744 1017 2811; x_wconf 89' lang='lat' dir='ltr'><strong>ordinis,</strong></span> 
     </span>
     <span class='ocr_line' id='line_1_48' title="bbox 229 2836 1019 2906; baseline -0.009 -8"><span class='ocrx_word' id='word_1_359' title='bbox 229 2842 372 2899; x_wconf 82' lang='lat' dir='ltr'><strong>altissimo</strong></span> <span class='ocrx_word' id='word_1_360' title='bbox 393 2839 569 2905; x_wconf 84' lang='lat' dir='ltr'><strong>concedente,</strong></span> <span class='ocrx_word' id='word_1_361' title='bbox 594 2836 671 2891; x_wconf 90' lang='lat' dir='ltr'><strong>vobis</strong></span> <span class='ocrx_word' id='word_1_362' title='bbox 686 2837 768 2891; x_wconf 89' lang='lat' dir='ltr'><strong>etiam</strong></span> <span class='ocrx_word' id='word_1_363' title='bbox 784 2851 866 2906; x_wconf 87' lang='lat' dir='ltr'><strong>super</strong></span> <span class='ocrx_word' id='word_1_364' title='bbox 884 2838 936 2892; x_wconf 89' lang='lat' dir='ltr'><strong>boc</strong></span> <span class='ocrx_word' id='word_1_365' title='bbox 955 2852 1019 2906; x_wconf 86' lang='lat' dir='ltr'><strong>apo·</strong></span> 
     </span>
     <span class='ocr_line' id='line_1_49' title="bbox 229 2929 1017 3002; baseline -0.01 -11"><span class='ocrx_word' id='word_1_366' title='bbox 229 2936 318 2992; x_wconf 90' lang='lat' dir='ltr'><strong>stolici</strong></span> <span class='ocrx_word' id='word_1_367' title='bbox 339 2933 440 2988; x_wconf 86' lang='lat' dir='ltr'><strong>latoris</strong></span> <span class='ocrx_word' id='word_1_368' title='bbox 460 2931 626 3002; x_wconf 78' lang='lat' dir='ltr'><strong>suffragante</strong></span> <span class='ocrx_word' id='word_1_369' title='bbox 649 2929 788 2996; x_wconf 79' lang='lat' dir='ltr'><strong>presidio,</strong></span> <span class='ocrx_word' id='word_1_370' title='bbox 804 2931 838 2984; x_wconf 91' lang='lat' dir='ltr'><strong>de</strong></span> <span class='ocrx_word' id='word_1_371' title='bbox 854 2943 953 2984; x_wconf 78' lang='lat' dir='ltr'><strong>caetero</strong></span> <span class='ocrx_word' id='word_1_372' title='bbox 970 2933 1017 2983; x_wconf 90' lang='lat' dir='ltr'><strong>de·</strong></span> 
     </span>
     <span class='ocr_line' id='line_1_50' title="bbox 229 3022 1018 3099; baseline -0.009 -15"><span class='ocrx_word' id='word_1_373' title='bbox 229 3045 303 3099; x_wconf 83' lang='lat' dir='ltr'><strong>gere,</strong></span> <span class='ocrx_word' id='word_1_374' title='bbox 319 3038 346 3081; x_wconf 87' lang='lat' dir='ltr'><strong>et</strong></span> <span class='ocrx_word' id='word_1_375' title='bbox 369 3040 588 3094; x_wconf 64' lang='lat' dir='ltr'><strong>permanerem</strong></span> <span class='ocrx_word' id='word_1_376' title='bbox 616 3023 661 3078; x_wconf 90' lang='lat' dir='ltr'><strong>illa</strong></span> <span class='ocrx_word' id='word_1_377' title='bbox 685 3026 712 3077; x_wconf 89' lang='lat' dir='ltr'><strong>itt</strong></span> <span class='ocrx_word' id='word_1_378' title='bbox 738 3022 858 3092; x_wconf 88' lang='lat' dir='ltr'><strong>regulam</strong></span> <span class='ocrx_word' id='word_1_379' title='bbox 878 3022 1018 3093; x_wconf 85' lang='lat' dir='ltr'><strong>suscipere</strong></span> 
     </span>
     <span class='ocr_line' id='line_1_51' title="bbox 229 3115 677 3189; baseline -0.013 -16"><span class='ocrx_word' id='word_1_380' title='bbox 229 3119 379 3189; x_wconf 86' lang='lat' dir='ltr'><strong>proponitis</strong></span> <span class='ocrx_word' id='word_1_381' title='bbox 393 3127 420 3172; x_wconf 89' lang='lat' dir='ltr'><strong>et</strong></span> <span class='ocrx_word' id='word_1_382' title='bbox 434 3119 517 3172; x_wconf 88' lang='lat' dir='ltr'><strong>etiam</strong></span> <span class='ocrx_word' id='word_1_383' title='bbox 532 3115 677 3169; x_wconf 85' lang='lat' dir='ltr'><strong>aliectatis.</strong></span> 
     </span>
    </p>
   </div>
   <div class='ocr_carea' id='block_1_12' title="bbox 263 2753 1866 3286">
    <p class='ocr_par' dir='ltr' id='par_1_13' title="bbox 1069 2753 1865 2993">
     <span class='ocr_line' id='line_1_52' title="bbox 1069 2753 1865 2826; baseline -0.004 -16"><span class='ocrx_word' id='word_1_384' title='bbox 1069 2766 1161 2826; x_wconf 86' lang='lat' dir='ltr'><strong>ageret</strong></span> <span class='ocrx_word' id='word_1_385' title='bbox 1182 2755 1239 2809; x_wconf 85' lang='lat' dir='ltr'><strong>suis</strong></span> <span class='ocrx_word' id='word_1_386' title='bbox 1262 2754 1404 2809; x_wconf 86' lang='lat' dir='ltr'><strong>monacbis</strong></span> <span class='ocrx_word' id='word_1_387' title='bbox 1425 2769 1477 2823; x_wconf 92' lang='lat' dir='ltr'><strong>pro</strong></span> <span class='ocrx_word' id='word_1_388' title='bbox 1491 2755 1665 2809; x_wconf 79' lang='lat' dir='ltr'><strong>observantia</strong></span> <span class='ocrx_word' id='word_1_389' title='bbox 1688 2753 1815 2824; x_wconf 83' lang='lat' dir='ltr'><strong>regulari,</strong></span> <span class='ocrx_word' id='word_1_390' title='bbox 1836 2766 1865 2809; x_wconf 91' lang='lat' dir='ltr'><strong>et</strong></span> 
     </span>
     <span class='ocr_line' id='line_1_53' title="bbox 1069 2846 1863 2917; baseline 0.005 -17"><span class='ocrx_word' id='word_1_391' title='bbox 1069 2848 1132 2900; x_wconf 83' lang='lat' dir='ltr'><strong>vitae</strong></span> <span class='ocrx_word' id='word_1_392' title='bbox 1157 2846 1327 2916; x_wconf 88' lang='lat' dir='ltr'><strong>integritate,</strong></span> <span class='ocrx_word' id='word_1_393' title='bbox 1351 2846 1588 2917; x_wconf 81' lang='lat' dir='ltr'><strong>sanctimoniaque</strong></span> <span class='ocrx_word' id='word_1_394' title='bbox 1613 2848 1725 2913; x_wconf 85' lang='lat' dir='ltr'><strong>relictis,</strong></span> <span class='ocrx_word' id='word_1_395' title='bbox 1750 2847 1863 2904; x_wconf 84' lang='lat' dir='ltr'><strong>cottiar-</strong></span> 
     </span>
     <span class='ocr_line' id='line_1_54' title="bbox 1070 2937 1297 2993; baseline -0.004 -1"><span class='ocrx_word' id='word_1_396' title='bbox 1070 2953 1146 2992; x_wconf 87' lang='lat' dir='ltr'><strong>utare</strong></span> <span class='ocrx_word' id='word_1_397' title='bbox 1164 2937 1297 2993; x_wconf 88' lang='lat' dir='ltr'><strong>debeatis.</strong></span> 
     </span>
    </p>

    <p class='ocr_par' dir='ltr' id='par_1_14' title="bbox 263 3025 1866 3286">
     <span class='ocr_line' id='line_1_55' title="bbox 1106 3025 1863 3106; baseline 0.009 -24"><span class='ocrx_word' id='word_1_398' title='bbox 1106 3028 1133 3082; x_wconf 91' lang='lat'><strong>8.</strong></span> <span class='ocrx_word' id='word_1_399' title='bbox 1154 3025 1188 3080; x_wconf 85' lang='lat' dir='ltr'><strong>Et</strong></span> <span class='ocrx_word' id='word_1_400' title='bbox 1208 3026 1389 3084; x_wconf 88' lang='lat' dir='ltr'><strong>nibilominus</strong></span> <span class='ocrx_word' id='word_1_401' title='bbox 1415 3043 1449 3084; x_wconf 90' lang='lat' dir='ltr'><strong>ne</strong></span> <span class='ocrx_word' id='word_1_402' title='bbox 1472 3029 1629 3087; x_wconf 89' lang='lat' dir='ltr'><strong>buiusmodi</strong></span> <span class='ocrx_word' id='word_1_403' title='bbox 1652 3033 1746 3103; x_wconf 89' lang='lat' dir='ltr'><strong>regula</strong></span> <span class='ocrx_word' id='word_1_404' title='bbox 1767 3051 1817 3106; x_wconf 87' lang='lat' dir='ltr'><strong>per</strong></span> <span class='ocrx_word' id='word_1_405' title='bbox 1839 3048 1863 3091; x_wconf 89' lang='lat' dir='ltr'><strong>te</strong></span> 
     </span>
     <span class='ocr_line' id='line_1_56' title="bbox 1071 3118 1862 3198; baseline 0.013 -26"><span class='ocrx_word' id='word_1_406' title='bbox 1071 3118 1257 3186; x_wconf 89' lang='lat' dir='ltr'><strong>suscipienda,</strong></span> <span class='ocrx_word' id='word_1_407' title='bbox 1278 3128 1305 3173; x_wconf 88' lang='lat' dir='ltr'><strong>et</strong></span> <span class='ocrx_word' id='word_1_408' title='bbox 1328 3119 1391 3174; x_wconf 90' lang='lat' dir='ltr'><strong>aliis</strong></span> <span class='ocrx_word' id='word_1_409' title='bbox 1413 3121 1555 3176; x_wconf 87' lang='lat' dir='ltr'><strong>monacbis</strong></span> <span class='ocrx_word' id='word_1_410' title='bbox 1579 3124 1709 3179; x_wconf 89' lang='lat' dir='ltr'><strong>tradenda</strong></span> <span class='ocrx_word' id='word_1_411' title='bbox 1733 3127 1862 3198; x_wconf 77' lang='lat' dir='ltr'><strong>cuiquam</strong></span> 
     </span>
     <span class='ocr_line' id='line_1_57' title="bbox 263 3203 1866 3286; baseline 0.005 -20"><span class='ocrx_word' id='word_1_412' title='bbox 263 3213 290 3266; x_wconf 81' lang='lat' dir='ltr'><strong>l.</strong></span> <span class='ocrx_word' id='word_1_413' title='bbox 309 3211 361 3266; x_wconf 88' lang='lat' dir='ltr'><strong>Pro</strong></span> <span class='ocrx_word' id='word_1_414' title='bbox 387 3221 463 3280; x_wconf 88' lang='lat' dir='ltr'><strong>parte</strong></span> <span class='ocrx_word' id='word_1_415' title='bbox 487 3219 531 3261; x_wconf 89' lang='lat' dir='ltr'><strong>tua</strong></span> <span class='ocrx_word' id='word_1_416' title='bbox 558 3209 636 3262; x_wconf 85' lang='lat' dir='ltr'><strong>uobis</strong></span> <span class='ocrx_word' id='word_1_417' title='bbox 655 3205 707 3260; x_wconf 89' lang='lat' dir='ltr'><strong>init</strong></span> <span class='ocrx_word' id='word_1_418' title='bbox 726 3204 866 3262; x_wconf 91' lang='lat' dir='ltr'><strong>ltttsttiliter</strong></span> <span class='ocrx_word' id='word_1_419' title='bbox 880 3203 1018 3276; x_wconf 70' lang='lat' dir='ltr'><strong>supptice-</strong></span> <span class='ocrx_word' id='word_1_420' title='bbox 1072 3211 1187 3264; x_wconf 88' lang='lat' dir='ltr'><strong>niminm</strong></span> <span class='ocrx_word' id='word_1_421' title='bbox 1204 3210 1295 3279; x_wconf 88' lang='lat' dir='ltr'><strong>gratis</strong></span> <span class='ocrx_word' id='word_1_422' title='bbox 1316 3223 1449 3281; x_wconf 88' lang='lat' dir='ltr'><strong>appareat</strong></span> <span class='ocrx_word' id='word_1_423' title='bbox 1477 3223 1524 3267; x_wconf 93' lang='lat' dir='ltr'><strong>aut</strong></span> <span class='ocrx_word' id='word_1_424' title='bbox 1543 3229 1669 3282; x_wconf 88' lang='lat' dir='ltr'><strong>onerosa,</strong></span> <span class='ocrx_word' id='word_1_425' title='bbox 1685 3218 1822 3286; x_wconf 77' lang='lat' dir='ltr'><strong>volumus,</strong></span> <span class='ocrx_word' id='word_1_426' title='bbox 1838 3232 1866 3275; x_wconf 87' lang='lat' dir='ltr'><strong>ot</strong></span> 
     </span>
    </p>
   </div>
   <div class='ocr_carea' id='block_1_13' title="bbox 229 3295 1892 3472">
    <p class='ocr_par' dir='ltr' id='par_1_15' title="bbox 229 3295 1892 3472">
     <span class='ocr_line' id='line_1_58' title="bbox 229 3295 1863 3380; baseline 0.006 -22"><span class='ocrx_word' id='word_1_427' title='bbox 229 3312 299 3369; x_wconf 89' lang='lat' dir='ltr'><strong>turn,</strong></span> <span class='ocrx_word' id='word_1_428' title='bbox 316 3313 344 3358; x_wconf 92' lang='lat' dir='ltr'><strong>ut</strong></span> <span class='ocrx_word' id='word_1_429' title='bbox 371 3317 418 3371; x_wconf 87' lang='lat' dir='ltr'><strong>per</strong></span> <span class='ocrx_word' id='word_1_430' title='bbox 439 3310 465 3354; x_wconf 88' lang='lat' dir='ltr'><strong>te</strong></span> <span class='ocrx_word' id='word_1_431' title='bbox 486 3306 620 3362; x_wconf 81' lang='lat' dir='ltr'><strong>extracta,</strong></span> <span class='ocrx_word' id='word_1_432' title='bbox 636 3307 663 3352; x_wconf 90' lang='lat' dir='ltr'><strong>et</strong></span> <span class='ocrx_word' id='word_1_433' title='bbox 680 3297 837 3366; x_wconf 88' lang='lat' dir='ltr'><strong>compilata,</strong></span> <span class='ocrx_word' id='word_1_434' title='bbox 855 3297 884 3351; x_wconf 91' lang='lat' dir='ltr'><strong>lu</strong></span> <span class='ocrx_word' id='word_1_435' title='bbox 907 3295 1015 3350; x_wconf 86' lang='lat' dir='ltr'><strong>tundunt</strong></span> <span class='ocrx_word' id='word_1_436' title='bbox 1070 3304 1164 3357; x_wconf 74' lang='lat' dir='ltr'><strong>eadem</strong></span> <span class='ocrx_word' id='word_1_437' title='bbox 1191 3304 1244 3358; x_wconf 88' lang='lat' dir='ltr'><strong>tibi</strong></span> <span class='ocrx_word' id='word_1_438' title='bbox 1271 3305 1434 3360; x_wconf 88' lang='lat' dir='ltr'><strong>auctoritate</strong></span> <span class='ocrx_word' id='word_1_439' title='bbox 1452 3308 1637 3376; x_wconf 88' lang='lat' dir='ltr'><strong>concedimus,</strong></span> <span class='ocrx_word' id='word_1_440' title='bbox 1656 3311 1727 3380; x_wconf 86' lang='lat' dir='ltr'><strong>quod</strong></span> <span class='ocrx_word' id='word_1_441' title='bbox 1746 3315 1863 3380; x_wconf 84' lang='lat' dir='ltr'><strong>priores,</strong></span> 
     </span>
     <span class='ocr_line' id='line_1_59' title="bbox 230 3386 1892 3472; baseline 0.005 -26"><span class='ocrx_word' id='word_1_442' title='bbox 230 3392 350 3458; x_wconf 82' lang='lat' dir='ltr'><strong>vivendi,</strong></span> <span class='ocrx_word' id='word_1_443' title='bbox 367 3402 394 3446; x_wconf 90' lang='lat' dir='ltr'><strong>et</strong></span> <span class='ocrx_word' id='word_1_444' title='bbox 409 3389 526 3444; x_wconf 84' lang='lat' dir='ltr'><strong>iottnaut</strong></span> <span class='ocrx_word' id='word_1_445' title='bbox 548 3388 647 3457; x_wconf 82' lang='lat' dir='ltr'><strong>regulas</strong></span> <span class='ocrx_word' id='word_1_446' title='bbox 665 3386 832 3458; x_wconf 79' lang='lat' dir='ltr'><strong>hujusmodi,</strong></span> <span class='ocrx_word' id='word_1_447' title='bbox 849 3387 897 3441; x_wconf 92' lang='lat' dir='ltr'><strong>tibi</strong></span> <span class='ocrx_word' id='word_1_448' title='bbox 914 3398 941 3441; x_wconf 89' lang='lat' dir='ltr'><strong>et</strong></span> <span class='ocrx_word' id='word_1_449' title='bbox 955 3401 1018 3441; x_wconf 90' lang='lat' dir='ltr'><strong>suc·</strong></span> <span class='ocrx_word' id='word_1_450' title='bbox 1071 3394 1205 3457; x_wconf 69' lang='lat' dir='ltr'><strong>transvertat,</strong></span> <span class='ocrx_word' id='word_1_451' title='bbox 1222 3392 1333 3459; x_wconf 86' lang='lat' dir='ltr'><strong>iratres,</strong></span> <span class='ocrx_word' id='word_1_452' title='bbox 1349 3404 1376 3449; x_wconf 87' lang='lat' dir='ltr'><strong>et</strong></span> <span class='ocrx_word' id='word_1_453' title='bbox 1390 3412 1513 3465; x_wconf 79' lang='lat' dir='ltr'><strong>persone</strong></span> <span class='ocrx_word' id='word_1_454' title='bbox 1533 3400 1681 3469; x_wconf 76' lang='lat' dir='ltr'><strong>praedictae,</strong></span> <span class='ocrx_word' id='word_1_455' title='bbox 1697 3414 1744 3456; x_wconf 92' lang='lat' dir='ltr'><strong>aut</strong></span> <span class='ocrx_word' id='word_1_456' title='bbox 1766 3403 1804 3457; x_wconf 88' lang='lat' dir='ltr'><strong>ilii</strong></span> <span class='ocrx_word' id='word_1_457' title='bbox 1823 3420 1858 3459; x_wconf 85' lang='lat' dir='ltr'><strong>ex</strong></span> <span class='ocrx_word' id='word_1_458' title='bbox 1886 3464 1892 3472; x_wconf 25' lang='grc' dir='ltr'>ι</span> 
     </span>
    </p>
   </div>
   <div class='ocr_carea' id='block_1_14' title="bbox 229 3479 1020 4551">
    <p class='ocr_par' dir='ltr' id='par_1_16' title="bbox 229 3479 1020 4102">
     <span class='ocr_line' id='line_1_60' title="bbox 231 3479 1019 3548; baseline -0.005 -12"><span class='ocrx_word' id='word_1_459' title='bbox 231 3484 386 3539; x_wconf 77' lang='lat' dir='ltr'><strong>sessoribus</strong></span> <span class='ocrx_word' id='word_1_460' title='bbox 402 3483 456 3535; x_wconf 88' lang='lat' dir='ltr'><strong>tuis</strong></span> <span class='ocrx_word' id='word_1_461' title='bbox 473 3481 684 3547; x_wconf 59' lang='lat' dir='ltr'><strong>praepositissa</strong></span> <span class='ocrx_word' id='word_1_462' title='bbox 701 3481 836 3544; x_wconf 85' lang='lat' dir='ltr'><strong>omnibus,</strong></span> <span class='ocrx_word' id='word_1_463' title='bbox 855 3489 881 3532; x_wconf 86' lang='lat' dir='ltr'><strong>et</strong></span> <span class='ocrx_word' id='word_1_464' title='bbox 904 3479 1019 3548; x_wconf 85' lang='lat' dir='ltr'><strong>stttgnlis</strong></span> 
     </span>
     <span class='ocr_line' id='line_1_61' title="bbox 231 3569 1018 3644; baseline -0.003 -18"><span class='ocrx_word' id='word_1_465' title='bbox 231 3575 378 3644; x_wconf 87' lang='lat' dir='ltr'><strong>prioribus,</strong></span> <span class='ocrx_word' id='word_1_466' title='bbox 401 3572 555 3635; x_wconf 89' lang='lat' dir='ltr'><strong>urotsacltis,</strong></span> <span class='ocrx_word' id='word_1_467' title='bbox 579 3569 722 3636; x_wconf 79' lang='lat' dir='ltr'><strong>iratribus,</strong></span> <span class='ocrx_word' id='word_1_468' title='bbox 747 3581 774 3624; x_wconf 89' lang='lat' dir='ltr'><strong>et</strong></span> <span class='ocrx_word' id='word_1_469' title='bbox 803 3571 929 3638; x_wconf 86' lang='lat' dir='ltr'><strong>personis</strong></span> <span class='ocrx_word' id='word_1_470' title='bbox 951 3569 1018 3624; x_wconf 89' lang='lat' dir='ltr'><strong>dicti</strong></span> 
     </span>
     <span class='ocr_line' id='line_1_62' title="bbox 230 3661 1019 3734; baseline -0.005 -13"><span class='ocrx_word' id='word_1_471' title='bbox 230 3666 336 3721; x_wconf 83' lang='lat' dir='ltr'><strong>ordinis</strong></span> <span class='ocrx_word' id='word_1_472' title='bbox 348 3665 536 3734; x_wconf 73' lang='lat' dir='ltr'><strong>praesetnibns,</strong></span> <span class='ocrx_word' id='word_1_473' title='bbox 548 3670 575 3716; x_wconf 88' lang='lat' dir='ltr'><strong>et</strong></span> <span class='ocrx_word' id='word_1_474' title='bbox 587 3661 695 3727; x_wconf 89' lang='lat' dir='ltr'><strong>luturls,</strong></span> <span class='ocrx_word' id='word_1_475' title='bbox 711 3665 756 3732; x_wconf 83' lang='lat' dir='ltr'><strong>uui</strong></span> <span class='ocrx_word' id='word_1_476' title='bbox 775 3663 801 3715; x_wconf 92' lang='lat' dir='ltr'><strong>itt</strong></span> <span class='ocrx_word' id='word_1_477' title='bbox 819 3664 866 3716; x_wconf 91' lang='lat' dir='ltr'><strong>ilio</strong></span> <span class='ocrx_word' id='word_1_478' title='bbox 880 3663 981 3724; x_wconf 83' lang='lat' dir='ltr'><strong>vivere,</strong></span> <span class='ocrx_word' id='word_1_479' title='bbox 993 3674 1019 3717; x_wconf 88' lang='lat' dir='ltr'><strong>et</strong></span> 
     </span>
     <span class='ocr_line' id='line_1_63' title="bbox 229 3755 1020 3825; baseline -0.008 -11"><span class='ocrx_word' id='word_1_480' title='bbox 229 3760 370 3814; x_wconf 80' lang='lat' dir='ltr'><strong>Attissiuro</strong></span> <span class='ocrx_word' id='word_1_481' title='bbox 387 3756 514 3811; x_wconf 91' lang='lat' dir='ltr'><strong>lanmiari</strong></span> <span class='ocrx_word' id='word_1_482' title='bbox 530 3755 665 3809; x_wconf 91' lang='lat' dir='ltr'><strong>volueritn</strong></span> <span class='ocrx_word' id='word_1_483' title='bbox 682 3756 708 3808; x_wconf 90' lang='lat' dir='ltr'><strong>in</strong></span> <span class='ocrx_word' id='word_1_484' title='bbox 721 3758 809 3810; x_wconf 90' lang='lat' dir='ltr'><strong>iocum</strong></span> <span class='ocrx_word' id='word_1_485' title='bbox 826 3755 904 3809; x_wconf 80' lang='lat' dir='ltr'><strong>dictas</strong></span> <span class='ocrx_word' id='word_1_486' title='bbox 921 3758 1020 3825; x_wconf 85' lang='lat' dir='ltr'><strong>regulae</strong></span> 
     </span>
     <span class='ocr_line' id='line_1_64' title="bbox 231 3845 1017 3921; baseline -0.008 -15"><span class='ocrx_word' id='word_1_487' title='bbox 231 3852 260 3907; x_wconf 88' lang='lat' dir='ltr'><strong>S.</strong></span> <span class='ocrx_word' id='word_1_488' title='bbox 279 3850 421 3921; x_wconf 74' lang='lat' dir='ltr'><strong>Augustini</strong></span> <span class='ocrx_word' id='word_1_489' title='bbox 447 3848 627 3918; x_wconf 87' lang='lat' dir='ltr'><strong>suscipiendi,</strong></span> <span class='ocrx_word' id='word_1_490' title='bbox 647 3848 680 3900; x_wconf 89' lang='lat' dir='ltr'><strong>ad</strong></span> <span class='ocrx_word' id='word_1_491' title='bbox 708 3845 812 3901; x_wconf 90' lang='lat' dir='ltr'><strong>dictum</strong></span> <span class='ocrx_word' id='word_1_492' title='bbox 838 3849 961 3901; x_wconf 81' lang='lat' dir='ltr'><strong>ordinem</strong></span> <span class='ocrx_word' id='word_1_493' title='bbox 988 3846 1017 3900; x_wconf 89' lang='lat' dir='ltr'><strong>S.</strong></span> 
     </span>
     <span class='ocr_line' id='line_1_65' title="bbox 232 3938 1017 4012; baseline -0.006 -17"><span class='ocrx_word' id='word_1_494' title='bbox 232 3942 390 4012; x_wconf 78' lang='lat' dir='ltr'><strong>iiieronymi</strong></span> <span class='ocrx_word' id='word_1_495' title='bbox 404 3940 548 4010; x_wconf 87' lang='lat' dir='ltr'><strong>prolitendi</strong></span> <span class='ocrx_word' id='word_1_496' title='bbox 563 3946 736 4010; x_wconf 87' lang='lat' dir='ltr'><strong>potestatem,</strong></span> <span class='ocrx_word' id='word_1_497' title='bbox 752 3953 783 3993; x_wconf 89' lang='lat' dir='ltr'><strong>ac</strong></span> <span class='ocrx_word' id='word_1_498' title='bbox 798 3938 936 3992; x_wconf 88' lang='lat' dir='ltr'><strong>licentiato</strong></span> <span class='ocrx_word' id='word_1_499' title='bbox 951 3952 1017 3991; x_wconf 91' lang='lat' dir='ltr'><strong>cou-</strong></span> 
     </span>
     <span class='ocr_line' id='line_1_66' title="bbox 229 4030 925 4102; baseline -0.01 -12"><span class='ocrx_word' id='word_1_500' title='bbox 229 4035 327 4090; x_wconf 88' lang='lat' dir='ltr'><strong>cedere</strong></span> <span class='ocrx_word' id='word_1_501' title='bbox 340 4035 373 4089; x_wconf 92' lang='lat' dir='ltr'><strong>de</strong></span> <span class='ocrx_word' id='word_1_502' title='bbox 387 4033 555 4102; x_wconf 82' lang='lat' dir='ltr'><strong>benignitate</strong></span> <span class='ocrx_word' id='word_1_503' title='bbox 572 4030 721 4100; x_wconf 88' lang='lat' dir='ltr'><strong>apostolica</strong></span> <span class='ocrx_word' id='word_1_504' title='bbox 738 4030 925 4099; x_wconf 82' lang='lat' dir='ltr'><strong>dignaremur.</strong></span> 
     </span>
    </p>

    <p class='ocr_par' dir='ltr' id='par_1_17' title="bbox 230 4120 1019 4551">
     <span class='ocr_line' id='line_1_67' title="bbox 265 4120 1017 4193; baseline -0.013 -12"><span class='ocrx_word' id='word_1_505' title='bbox 265 4125 292 4181; x_wconf 81' lang='lat'><strong>5.</strong></span> <span class='ocrx_word' id='word_1_506' title='bbox 313 4121 368 4177; x_wconf 85' lang='lat' dir='ltr'><strong>llos</strong></span> <span class='ocrx_word' id='word_1_507' title='bbox 391 4123 472 4193; x_wconf 88' lang='lat' dir='ltr'><strong>igitur</strong></span> <span class='ocrx_word' id='word_1_508' title='bbox 490 4120 680 4190; x_wconf 76' lang='lat' dir='ltr'><strong>hujuscemodi</strong></span> <span class='ocrx_word' id='word_1_509' title='bbox 701 4121 854 4190; x_wconf 86' lang='lat' dir='ltr'><strong>regularem</strong></span> <span class='ocrx_word' id='word_1_510' title='bbox 874 4131 901 4174; x_wconf 90' lang='lat' dir='ltr'><strong>et</strong></span> <span class='ocrx_word' id='word_1_511' title='bbox 920 4135 1017 4174; x_wconf 91' lang='lat' dir='ltr'><strong>mona·</strong></span> 
     </span>
     <span class='ocr_line' id='line_1_68' title="bbox 230 4210 1018 4282; baseline -0.011 -11"><span class='ocrx_word' id='word_1_512' title='bbox 230 4217 335 4271; x_wconf 87' lang='lat' dir='ltr'><strong>chalem</strong></span> <span class='ocrx_word' id='word_1_513' title='bbox 344 4212 544 4269; x_wconf 78' lang='lat' dir='ltr'><strong>observantiam</strong></span> <span class='ocrx_word' id='word_1_514' title='bbox 559 4211 622 4266; x_wconf 88' lang='lat' dir='ltr'><strong>dicti</strong></span> <span class='ocrx_word' id='word_1_515' title='bbox 639 4212 667 4266; x_wconf 87' lang='lat' dir='ltr'><strong>S.</strong></span> <span class='ocrx_word' id='word_1_516' title='bbox 678 4210 835 4282; x_wconf 81' lang='lat' dir='ltr'><strong>ilieronytui</strong></span> <span class='ocrx_word' id='word_1_517' title='bbox 845 4211 1018 4275; x_wconf 72' lang='lat' dir='ltr'><strong>laudabilem,</strong></span> 
     </span>
     <span class='ocr_line' id='line_1_69' title="bbox 230 4304 1018 4375; baseline -0.013 -9"><span class='ocrx_word' id='word_1_518' title='bbox 230 4322 257 4366; x_wconf 87' lang='lat' dir='ltr'><strong>et</strong></span> <span class='ocrx_word' id='word_1_519' title='bbox 275 4313 301 4364; x_wconf 90' lang='lat' dir='ltr'><strong>in</strong></span> <span class='ocrx_word' id='word_1_520' title='bbox 319 4311 373 4361; x_wconf 90' lang='lat' dir='ltr'><strong>vita</strong></span> <span class='ocrx_word' id='word_1_521' title='bbox 391 4307 449 4375; x_wconf 82' lang='lat' dir='ltr'><strong>ejus</strong></span> <span class='ocrx_word' id='word_1_522' title='bbox 470 4321 518 4374; x_wconf 89' lang='lat' dir='ltr'><strong>per</strong></span> <span class='ocrx_word' id='word_1_523' title='bbox 540 4307 630 4372; x_wconf 87' lang='lat' dir='ltr'><strong>ipsunt</strong></span> <span class='ocrx_word' id='word_1_524' title='bbox 652 4304 824 4357; x_wconf 83' lang='lat' dir='ltr'><strong>observatam</strong></span> <span class='ocrx_word' id='word_1_525' title='bbox 844 4307 940 4358; x_wconf 89' lang='lat' dir='ltr'><strong>uterito</strong></span> <span class='ocrx_word' id='word_1_526' title='bbox 957 4304 1018 4356; x_wconf 86' lang='lat' dir='ltr'><strong>lan-</strong></span> 
     </span>
     <span class='ocr_line' id='line_1_70' title="bbox 231 4392 1018 4465; baseline -0.011 -8"><span class='ocrx_word' id='word_1_527' title='bbox 231 4406 326 4457; x_wconf 88' lang='lat' dir='ltr'><strong>dautes</strong></span> <span class='ocrx_word' id='word_1_528' title='bbox 357 4408 384 4451; x_wconf 90' lang='lat' dir='ltr'><strong>et</strong></span> <span class='ocrx_word' id='word_1_529' title='bbox 408 4397 603 4465; x_wconf 82' lang='lat' dir='ltr'><strong>approbantes,</strong></span> <span class='ocrx_word' id='word_1_530' title='bbox 623 4393 750 4462; x_wconf 80' lang='lat' dir='ltr'><strong>illamque</strong></span> <span class='ocrx_word' id='word_1_531' title='bbox 773 4394 800 4448; x_wconf 92' lang='lat' dir='ltr'><strong>in</strong></span> <span class='ocrx_word' id='word_1_532' title='bbox 827 4393 876 4448; x_wconf 81' lang='lat' dir='ltr'><strong>llol</strong></span> <span class='ocrx_word' id='word_1_533' title='bbox 898 4392 1018 4448; x_wconf 85' lang='lat' dir='ltr'><strong>Ecclesia</strong></span> 
     </span>
     <span class='ocr_line' id='line_1_71' title="bbox 230 4486 1019 4551; baseline -0.011 -4"><span class='ocrx_word' id='word_1_534' title='bbox 230 4495 257 4547; x_wconf 87' lang='lat' dir='ltr'><strong>in</strong></span> <span class='ocrx_word' id='word_1_535' title='bbox 280 4493 405 4546; x_wconf 87' lang='lat' dir='ltr'><strong>ordinem</strong></span> <span class='ocrx_word' id='word_1_536' title='bbox 427 4486 614 4541; x_wconf 81' lang='lat' dir='ltr'><strong>monachalem</strong></span> <span class='ocrx_word' id='word_1_537' title='bbox 640 4487 737 4551; x_wconf 87' lang='lat' dir='ltr'><strong>attolli,</strong></span> <span class='ocrx_word' id='word_1_538' title='bbox 757 4494 785 4541; x_wconf 87' lang='lat' dir='ltr'><strong>et</strong></span> <span class='ocrx_word' id='word_1_539' title='bbox 809 4487 950 4541; x_wconf 85' lang='lat' dir='ltr'><strong>observari</strong></span> <span class='ocrx_word' id='word_1_540' title='bbox 977 4491 1019 4540; x_wconf 88' lang='lat' dir='ltr'><strong>in-</strong></span> 
     </span>
    </p>
   </div>
   <div class='ocr_carea' id='block_1_15' title="bbox 1069 3486 1863 4569">
    <p class='ocr_par' dir='ltr' id='par_1_18' title="bbox 1069 3486 1863 4474">
     <span class='ocr_line' id='line_1_72' title="bbox 1070 3486 1859 3560; baseline 0.01 -20"><span class='ocrx_word' id='word_1_541' title='bbox 1070 3488 1120 3550; x_wconf 87' lang='lat' dir='ltr'><strong>eis,</strong></span> <span class='ocrx_word' id='word_1_542' title='bbox 1140 3489 1187 3555; x_wconf 83' lang='lat' dir='ltr'><strong>qui</strong></span> <span class='ocrx_word' id='word_1_543' title='bbox 1219 3486 1338 3554; x_wconf 85' lang='lat' dir='ltr'><strong>regulam</strong></span> <span class='ocrx_word' id='word_1_544' title='bbox 1372 3488 1526 3556; x_wconf 79' lang='lat' dir='ltr'><strong>bvtprstnodi</strong></span> <span class='ocrx_word' id='word_1_545' title='bbox 1560 3494 1744 3560; x_wconf 82' lang='lat' dir='ltr'><strong>susceperint,</strong></span> <span class='ocrx_word' id='word_1_546' title='bbox 1772 3495 1859 3558; x_wconf 87' lang='lat' dir='ltr'><strong>illato,</strong></span> 
     </span>
     <span class='ocr_line' id='line_1_73' title="bbox 1070 3579 1861 3654; baseline 0.01 -21"><span class='ocrx_word' id='word_1_547' title='bbox 1070 3588 1117 3633; x_wconf 93' lang='lat' dir='ltr'><strong>aut</strong></span> <span class='ocrx_word' id='word_1_548' title='bbox 1144 3579 1280 3644; x_wconf 88' lang='lat' dir='ltr'><strong>instituta,</strong></span> <span class='ocrx_word' id='word_1_549' title='bbox 1303 3592 1329 3634; x_wconf 91' lang='lat' dir='ltr'><strong>et</strong></span> <span class='ocrx_word' id='word_1_550' title='bbox 1356 3581 1510 3635; x_wconf 88' lang='lat' dir='ltr'><strong>doctrinam</strong></span> <span class='ocrx_word' id='word_1_551' title='bbox 1538 3582 1567 3636; x_wconf 90' lang='lat' dir='ltr'><strong>in</strong></span> <span class='ocrx_word' id='word_1_552' title='bbox 1594 3585 1708 3653; x_wconf 88' lang='lat' dir='ltr'><strong>epistola</strong></span> <span class='ocrx_word' id='word_1_553' title='bbox 1736 3585 1861 3654; x_wconf 82' lang='lat' dir='ltr'><strong>ejusdem</strong></span> 
     </span>
     <span class='ocr_line' id='line_1_74' title="bbox 1070 3669 1863 3746; baseline 0.01 -24"><span class='ocrx_word' id='word_1_554' title='bbox 1070 3670 1156 3723; x_wconf 87' lang='lat' dir='ltr'><strong>sartcti</strong></span> <span class='ocrx_word' id='word_1_555' title='bbox 1171 3669 1292 3740; x_wconf 84' lang='lat' dir='ltr'><strong>Ettselsii,</strong></span> <span class='ocrx_word' id='word_1_556' title='bbox 1306 3669 1348 3724; x_wconf 89' lang='lat' dir='ltr'><strong>vei</strong></span> <span class='ocrx_word' id='word_1_557' title='bbox 1361 3671 1453 3741; x_wconf 88' lang='lat' dir='ltr'><strong>aliqua</strong></span> <span class='ocrx_word' id='word_1_558' title='bbox 1467 3682 1596 3728; x_wconf 84' lang='lat' dir='ltr'><strong>contenta</strong></span> <span class='ocrx_word' id='word_1_559' title='bbox 1611 3676 1638 3729; x_wconf 92' lang='lat' dir='ltr'><strong>iu</strong></span> <span class='ocrx_word' id='word_1_560' title='bbox 1652 3675 1755 3732; x_wconf 84' lang='lat' dir='ltr'><strong>eisdem</strong></span> <span class='ocrx_word' id='word_1_561' title='bbox 1774 3694 1863 3746; x_wconf 77' lang='lat' dir='ltr'><strong>‹guatt-</strong></span> 
     </span>
     <span class='ocr_line' id='line_1_75' title="bbox 1070 3761 1860 3832; baseline 0.006 -15"><span class='ocrx_word' id='word_1_562' title='bbox 1070 3764 1159 3831; x_wconf 85' lang='lat' dir='ltr'><strong>doque</strong></span> <span class='ocrx_word' id='word_1_563' title='bbox 1175 3765 1291 3816; x_wconf 89' lang='lat' dir='ltr'><strong>ltutnaua</strong></span> <span class='ocrx_word' id='word_1_564' title='bbox 1309 3761 1469 3832; x_wconf 78' lang='lat' dir='ltr'><strong>fragilitate,</strong></span> <span class='ocrx_word' id='word_1_565' title='bbox 1483 3773 1529 3818; x_wconf 91' lang='lat' dir='ltr'><strong>aut</strong></span> <span class='ocrx_word' id='word_1_566' title='bbox 1545 3765 1707 3822; x_wconf 83' lang='lat' dir='ltr'><strong>luit&#39;rtnitate</strong></span> <span class='ocrx_word' id='word_1_567' title='bbox 1718 3783 1860 3832; x_wconf 86' lang='lat' dir='ltr'><strong>causante,</strong></span> 
     </span>
     <span class='ocr_line' id='line_1_76' title="bbox 1070 3853 1862 3923; baseline 0.014 -18"><span class='ocrx_word' id='word_1_568' title='bbox 1070 3869 1117 3905; x_wconf 89' lang='lat' dir='ltr'><strong>scu</strong></span> <span class='ocrx_word' id='word_1_569' title='bbox 1135 3853 1202 3904; x_wconf 87' lang='lat' dir='ltr'><strong>alias</strong></span> <span class='ocrx_word' id='word_1_570' title='bbox 1218 3860 1273 3906; x_wconf 90' lang='lat' dir='ltr'><strong>tant</strong></span> <span class='ocrx_word' id='word_1_571' title='bbox 1288 3866 1385 3909; x_wconf 84' lang='lat' dir='ltr'><strong>stacte</strong></span> <span class='ocrx_word' id='word_1_572' title='bbox 1404 3864 1486 3923; x_wconf 90' lang='lat' dir='ltr'><strong>prout</strong></span> <span class='ocrx_word' id='word_1_573' title='bbox 1510 3860 1669 3911; x_wconf 83' lang='lat' dir='ltr'><strong>traditoria</strong></span> <span class='ocrx_word' id='word_1_574' title='bbox 1687 3856 1790 3915; x_wconf 86' lang='lat' dir='ltr'><strong>eisdem</strong></span> <span class='ocrx_word' id='word_1_575' title='bbox 1808 3863 1862 3916; x_wconf 91' lang='lat' dir='ltr'><strong>ob·</strong></span> 
     </span>
     <span class='ocr_line' id='line_1_77' title="bbox 1070 3943 1862 4023; baseline 0.013 -27"><span class='ocrx_word' id='word_1_576' title='bbox 1070 3958 1180 3996; x_wconf 86' lang='lat' dir='ltr'><strong>servare</strong></span> <span class='ocrx_word' id='word_1_577' title='bbox 1203 3943 1385 4011; x_wconf 76' lang='lat' dir='ltr'><strong>sterguiverint,</strong></span> <span class='ocrx_word' id='word_1_578' title='bbox 1403 3960 1456 3999; x_wconf 92' lang='lat' dir='ltr'><strong>non</strong></span> <span class='ocrx_word' id='word_1_579' title='bbox 1477 3959 1622 4015; x_wconf 89' lang='lat' dir='ltr'><strong>propterea</strong></span> <span class='ocrx_word' id='word_1_580' title='bbox 1649 3951 1773 4007; x_wconf 84' lang='lat' dir='ltr'><strong>mortalis</strong></span> <span class='ocrx_word' id='word_1_581' title='bbox 1797 3968 1862 4023; x_wconf 88' lang='lat' dir='ltr'><strong>pcc·</strong></span> 
     </span>
     <span class='ocr_line' id='line_1_78' title="bbox 1070 4033 1862 4109; baseline 0.015 -23"><span class='ocrx_word' id='word_1_582' title='bbox 1070 4037 1122 4088; x_wconf 86' lang='lat' dir='ltr'><strong>cati</strong></span> <span class='ocrx_word' id='word_1_583' title='bbox 1150 4035 1258 4088; x_wconf 89' lang='lat' dir='ltr'><strong>viuculo</strong></span> <span class='ocrx_word' id='word_1_584' title='bbox 1282 4034 1338 4087; x_wconf 89' lang='lat' dir='ltr'><strong>sint</strong></span> <span class='ocrx_word' id='word_1_585' title='bbox 1361 4033 1448 4105; x_wconf 86' lang='lat' dir='ltr'><strong>ligati,</strong></span> <span class='ocrx_word' id='word_1_586' title='bbox 1470 4037 1518 4090; x_wconf 87' lang='lat' dir='ltr'><strong>sed</strong></span> <span class='ocrx_word' id='word_1_587' title='bbox 1543 4051 1590 4104; x_wconf 89' lang='lat' dir='ltr'><strong>pet</strong></span> <span class='ocrx_word' id='word_1_588' title='bbox 1613 4054 1677 4093; x_wconf 86' lang='lat' dir='ltr'><strong>suns</strong></span> <span class='ocrx_word' id='word_1_589' title='bbox 1703 4043 1862 4109; x_wconf 79' lang='lat' dir='ltr'><strong>superiores</strong></span> 
     </span>
     <span class='ocr_line' id='line_1_79' title="bbox 1071 4126 1860 4201; baseline 0.013 -22"><span class='ocrx_word' id='word_1_590' title='bbox 1071 4126 1206 4192; x_wconf 88' lang='lat' dir='ltr'><strong>corporali</strong></span> <span class='ocrx_word' id='word_1_591' title='bbox 1220 4127 1352 4181; x_wconf 77' lang='lat' dir='ltr'><strong>duntaxat</strong></span> <span class='ocrx_word' id='word_1_592' title='bbox 1363 4141 1455 4196; x_wconf 77' lang='lat' dir='ltr'><strong>prena,</strong></span> <span class='ocrx_word' id='word_1_593' title='bbox 1468 4144 1522 4197; x_wconf 88' lang='lat' dir='ltr'><strong>qna</strong></span> <span class='ocrx_word' id='word_1_594' title='bbox 1545 4132 1671 4198; x_wconf 84' lang='lat' dir='ltr'><strong>congruit</strong></span> <span class='ocrx_word' id='word_1_595' title='bbox 1685 4137 1860 4201; x_wconf 84' lang='lat' dir='ltr'><strong>procedatur,</strong></span> 
     </span>
     <span class='ocr_line' id='line_1_80' title="bbox 1069 4221 1860 4294; baseline 0.01 -19"><span class='ocrx_word' id='word_1_596' title='bbox 1069 4221 1162 4289; x_wconf 86' lang='lat' dir='ltr'><strong>eisque</strong></span> <span class='ocrx_word' id='word_1_597' title='bbox 1173 4236 1222 4290; x_wconf 91' lang='lat' dir='ltr'><strong>pro</strong></span> <span class='ocrx_word' id='word_1_598' title='bbox 1233 4236 1362 4284; x_wconf 89' lang='lat' dir='ltr'><strong>excessu,</strong></span> <span class='ocrx_word' id='word_1_599' title='bbox 1377 4232 1403 4275; x_wconf 90' lang='lat' dir='ltr'><strong>et</strong></span> <span class='ocrx_word' id='word_1_600' title='bbox 1420 4225 1651 4293; x_wconf 83' lang='lat' dir='ltr'><strong>transgressione.</strong></span> <span class='ocrx_word' id='word_1_601' title='bbox 1667 4242 1700 4282; x_wconf 88' lang='lat' dir='ltr'><strong>ae</strong></span> <span class='ocrx_word' id='word_1_602' title='bbox 1715 4245 1764 4294; x_wconf 93' lang='lat' dir='ltr'><strong>pro</strong></span> <span class='ocrx_word' id='word_1_603' title='bbox 1779 4231 1860 4283; x_wconf 91' lang='lat' dir='ltr'><strong>modo</strong></span> 
     </span>
     <span class='ocr_line' id='line_1_81' title="bbox 1070 4311 1862 4390; baseline 0.015 -25"><span class='ocrx_word' id='word_1_604' title='bbox 1070 4313 1157 4379; x_wconf 85' lang='lat' dir='ltr'><strong>eulpae</strong></span> <span class='ocrx_word' id='word_1_605' title='bbox 1183 4311 1286 4381; x_wconf 82' lang='lat' dir='ltr'><strong>injungi</strong></span> <span class='ocrx_word' id='word_1_606' title='bbox 1312 4312 1401 4366; x_wconf 90' lang='lat' dir='ltr'><strong>valeat</strong></span> <span class='ocrx_word' id='word_1_607' title='bbox 1424 4316 1585 4381; x_wconf 74' lang='lat' dir='ltr'><strong>ptanitontia</strong></span> <span class='ocrx_word' id='word_1_608' title='bbox 1612 4319 1757 4387; x_wconf 85' lang='lat' dir='ltr'><strong>salutaris,</strong></span> <span class='ocrx_word' id='word_1_609' title='bbox 1779 4337 1862 4390; x_wconf 79' lang='lat' dir='ltr'><strong>uttam</strong></span> 
     </span>
     <span class='ocr_line' id='line_1_82' title="bbox 1070 4402 1752 4474; baseline 0.019 -20"><span class='ocrx_word' id='word_1_610' title='bbox 1070 4402 1208 4456; x_wconf 88' lang='lat' dir='ltr'><strong>ltutniliter</strong></span> <span class='ocrx_word' id='word_1_611' title='bbox 1224 4403 1365 4471; x_wconf 86' lang='lat' dir='ltr'><strong>suscipere</strong></span> <span class='ocrx_word' id='word_1_612' title='bbox 1384 4414 1411 4457; x_wconf 89' lang='lat' dir='ltr'><strong>et</strong></span> <span class='ocrx_word' id='word_1_613' title='bbox 1429 4404 1579 4474; x_wconf 86' lang='lat' dir='ltr'><strong>adimplere</strong></span> <span class='ocrx_word' id='word_1_614' title='bbox 1596 4418 1752 4467; x_wconf 88' lang='lat' dir='ltr'><strong>tencantur.</strong></span> 
     </span>
    </p>

    <p class='ocr_par' dir='ltr' id='par_1_19' title="bbox 1105 4494 1861 4569">
     <span class='ocr_line' id='line_1_83' title="bbox 1105 4494 1861 4569; baseline 0.017 -22"><span class='ocrx_word' id='word_1_615' title='bbox 1105 4494 1133 4547; x_wconf 84' lang='grc'><strong>9.</strong></span> <span class='ocrx_word' id='word_1_616' title='bbox 1151 4494 1282 4561; x_wconf 75' lang='lat' dir='ltr'><strong>Quodque</strong></span> <span class='ocrx_word' id='word_1_617' title='bbox 1298 4503 1338 4556; x_wconf 90' lang='lat' dir='ltr'><strong>tu,</strong></span> <span class='ocrx_word' id='word_1_618' title='bbox 1353 4502 1381 4547; x_wconf 85' lang='lat' dir='ltr'><strong>et</strong></span> <span class='ocrx_word' id='word_1_619' title='bbox 1394 4508 1570 4552; x_wconf 89' lang='lat' dir='ltr'><strong>successores</strong></span> <span class='ocrx_word' id='word_1_620' title='bbox 1585 4501 1622 4554; x_wconf 92' lang='lat' dir='ltr'><strong>tul</strong></span> <span class='ocrx_word' id='word_1_621' title='bbox 1638 4503 1776 4569; x_wconf 71' lang='lat' dir='ltr'><strong>prepositi</strong></span> <span class='ocrx_word' id='word_1_622' title='bbox 1793 4505 1861 4560; x_wconf 88' lang='lat' dir='ltr'><strong>dicti</strong></span> 
     </span>
    </p>
   </div>
   <div class='ocr_carea' id='block_1_16' title="bbox 217 4577 1863 4666">
    <p class='ocr_par' dir='ltr' id='par_1_20' title="bbox 217 4577 1863 4666">
     <span class='ocr_line' id='line_1_84' title="bbox 217 4577 1863 4666; baseline 0.007 -28"><span class='ocrx_word' id='word_1_623' title='bbox 217 4586 316 4641; x_wconf 80' lang='lat' dir='ltr'><strong>&#39;tensis</strong></span> <span class='ocrx_word' id='word_1_624' title='bbox 332 4579 475 4636; x_wconf 86' lang='lat' dir='ltr'><strong>desideriis</strong></span> <span class='ocrx_word' id='word_1_625' title='bbox 490 4577 661 4642; x_wconf 74' lang='lat' dir='ltr'><strong>affectantes,</strong></span> <span class='ocrx_word' id='word_1_626' title='bbox 678 4592 784 4633; x_wconf 85' lang='lat' dir='ltr'><strong>trectrou</strong></span> <span class='ocrx_word' id='word_1_627' title='bbox 801 4581 847 4648; x_wconf 84' lang='lat' dir='ltr'><strong>pio</strong></span> <span class='ocrx_word' id='word_1_628' title='bbox 863 4589 892 4632; x_wconf 91' lang='lat' dir='ltr'><strong>et</strong></span> <span class='ocrx_word' id='word_1_629' title='bbox 908 4579 1018 4633; x_wconf 84' lang='lat' dir='ltr'><strong>sincero</strong></span> <span class='ocrx_word' id='word_1_630' title='bbox 1034 4612 1057 4666; x_wconf 65' lang='lat'><strong>0</strong></span> <span class='ocrx_word' id='word_1_631' title='bbox 1071 4582 1177 4636; x_wconf 89' lang='lat' dir='ltr'><strong>ordinis</strong></span> <span class='ocrx_word' id='word_1_632' title='bbox 1195 4584 1391 4637; x_wconf 85' lang='lat' dir='ltr'><strong>monachorum</strong></span> <span class='ocrx_word' id='word_1_633' title='bbox 1418 4585 1478 4640; x_wconf 92' lang='lat' dir='ltr'><strong>ilios</strong></span> <span class='ocrx_word' id='word_1_634' title='bbox 1495 4602 1528 4641; x_wconf 89' lang='grc' dir='ltr'><strong>ειι</strong></span> <span class='ocrx_word' id='word_1_635' title='bbox 1549 4591 1699 4657; x_wconf 88' lang='lat' dir='ltr'><strong>prioribus,</strong></span> <span class='ocrx_word' id='word_1_636' title='bbox 1718 4597 1863 4652; x_wconf 85' lang='lat' dir='ltr'><strong>tnonaclns</strong></span> 
     </span>
    </p>
   </div>
   <div class='ocr_carea' id='block_1_17' title="bbox 203 4669 1020 5944">
    <p class='ocr_par' dir='ltr' id='par_1_21' title="bbox 203 4669 1020 5944">
     <span class='ocr_line' id='line_1_85' title="bbox 230 4669 1016 4741; baseline -0.009 -10"><span class='ocrx_word' id='word_1_637' title='bbox 230 4684 282 4731; x_wconf 84' lang='lat' dir='ltr'><strong>iura</strong></span> <span class='ocrx_word' id='word_1_638' title='bbox 305 4674 459 4728; x_wconf 82' lang='lat' dir='ltr'><strong>devotionis</strong></span> <span class='ocrx_word' id='word_1_639' title='bbox 483 4669 623 4741; x_wconf 88' lang='lat' dir='ltr'><strong>proposito</strong></span> <span class='ocrx_word' id='word_1_640' title='bbox 643 4680 721 4741; x_wconf 83' lang='lat' dir='ltr'><strong>grato</strong></span> <span class='ocrx_word' id='word_1_641' title='bbox 749 4680 943 4724; x_wconf 83' lang='lat' dir='ltr'><strong>concurrentes</strong></span> <span class='ocrx_word' id='word_1_642' title='bbox 971 4686 1016 4724; x_wconf 66' lang='lat' dir='ltr'><strong>aso</strong></span> 
     </span>
     <span class='ocr_line' id='line_1_86' title="bbox 229 4761 1015 4833; baseline -0.011 -10"><span class='ocrx_word' id='word_1_643' title='bbox 229 4782 323 4830; x_wconf 85' lang='lat' dir='ltr'><strong>aertsu,</strong></span> <span class='ocrx_word' id='word_1_644' title='bbox 341 4764 527 4833; x_wconf 88' lang='lat' dir='ltr'><strong>ltujuscetnodl</strong></span> <span class='ocrx_word' id='word_1_645' title='bbox 547 4777 656 4833; x_wconf 80' lang='lat' dir='ltr'><strong>ottoque</strong></span> <span class='ocrx_word' id='word_1_646' title='bbox 671 4761 916 4831; x_wconf 82' lang='lat' dir='ltr'><strong>supplicationibus</strong></span> <span class='ocrx_word' id='word_1_647' title='bbox 935 4762 1015 4817; x_wconf 86' lang='lat' dir='ltr'><strong>ineli-</strong></span> 
     </span>
     <span class='ocr_line' id='line_1_87' title="bbox 229 4855 1017 4927; baseline -0.01 -10"><span class='ocrx_word' id='word_1_648' title='bbox 229 4863 299 4927; x_wconf 85' lang='lat' dir='ltr'><strong>nati,</strong></span> <span class='ocrx_word' id='word_1_649' title='bbox 315 4858 472 4916; x_wconf 89' lang='lat' dir='ltr'><strong>discretioni</strong></span> <span class='ocrx_word' id='word_1_650' title='bbox 489 4867 541 4911; x_wconf 76' lang='lat' dir='ltr'><strong>tuas</strong></span> <span class='ocrx_word' id='word_1_651' title='bbox 556 4856 723 4920; x_wconf 87' lang='lat' dir='ltr'><strong>doctrinam,</strong></span> <span class='ocrx_word' id='word_1_652' title='bbox 737 4865 764 4909; x_wconf 89' lang='lat' dir='ltr'><strong>et</strong></span> <span class='ocrx_word' id='word_1_653' title='bbox 778 4855 903 4910; x_wconf 89' lang='lat' dir='ltr'><strong>iststituta</strong></span> <span class='ocrx_word' id='word_1_654' title='bbox 921 4870 1017 4910; x_wconf 92' lang='lat' dir='ltr'><strong>mona-</strong></span> 
     </span>
     <span class='ocr_line' id='line_1_88' title="bbox 228 4947 1017 5022; baseline -0.009 -13"><span class='ocrx_word' id='word_1_655' title='bbox 228 4953 316 5010; x_wconf 79' lang='lat' dir='ltr'><strong>citalia</strong></span> <span class='ocrx_word' id='word_1_656' title='bbox 331 4951 452 5022; x_wconf 81' lang='lat' dir='ltr'><strong>ejusdem</strong></span> <span class='ocrx_word' id='word_1_657' title='bbox 469 4948 499 5004; x_wconf 91' lang='lat' dir='ltr'><strong>S.</strong></span> <span class='ocrx_word' id='word_1_658' title='bbox 514 4947 684 5019; x_wconf 81' lang='lat' dir='ltr'><strong>llieronptui,</strong></span> <span class='ocrx_word' id='word_1_659' title='bbox 697 4957 777 5017; x_wconf 90' lang='lat' dir='ltr'><strong>prottt</strong></span> <span class='ocrx_word' id='word_1_660' title='bbox 793 4962 842 5017; x_wconf 87' lang='lat' dir='ltr'><strong>per</strong></span> <span class='ocrx_word' id='word_1_661' title='bbox 858 4957 884 5002; x_wconf 88' lang='lat' dir='ltr'><strong>tc</strong></span> <span class='ocrx_word' id='word_1_662' title='bbox 900 4947 1017 5002; x_wconf 78' lang='lat' dir='ltr'><strong>iitsutiuo</strong></span> 
     </span>
     <span class='ocr_line' id='line_1_89' title="bbox 228 5038 1020 5117; baseline -0.009 -15"><span class='ocrx_word' id='word_1_663' title='bbox 228 5045 380 5117; x_wconf 84' lang='lat' dir='ltr'><strong>inspirante</strong></span> <span class='ocrx_word' id='word_1_664' title='bbox 402 5056 436 5096; x_wconf 88' lang='lat' dir='ltr'><strong>ex</strong></span> <span class='ocrx_word' id='word_1_665' title='bbox 460 5041 563 5095; x_wconf 89' lang='lat' dir='ltr'><strong>eisdem</strong></span> <span class='ocrx_word' id='word_1_666' title='bbox 587 5038 722 5110; x_wconf 86' lang='lat' dir='ltr'><strong>epistolis,</strong></span> <span class='ocrx_word' id='word_1_667' title='bbox 742 5046 770 5093; x_wconf 91' lang='lat' dir='ltr'><strong>et</strong></span> <span class='ocrx_word' id='word_1_668' title='bbox 791 5038 966 5106; x_wconf 84' lang='lat' dir='ltr'><strong>tractatibus,</strong></span> <span class='ocrx_word' id='word_1_669' title='bbox 990 5050 1020 5095; x_wconf 92' lang='lat' dir='ltr'><strong>ut</strong></span> 
     </span>
     <span class='ocr_line' id='line_1_90' title="bbox 203 5132 1018 5209; baseline -0.011 -16"><span class='ocrx_word' id='word_1_670' title='bbox 203 5149 211 5193; x_wconf 71' lang='lat'><em>3</em></span> <span class='ocrx_word' id='word_1_671' title='bbox 228 5137 414 5209; x_wconf 73' lang='lat' dir='ltr'><strong>pretuittitur,</strong></span> <span class='ocrx_word' id='word_1_672' title='bbox 431 5149 486 5189; x_wconf 87' lang='grc' dir='ltr'><strong>ιιοιι</strong></span> <span class='ocrx_word' id='word_1_673' title='bbox 503 5132 616 5188; x_wconf 89' lang='lat' dir='ltr'><strong>mutatis</strong></span> <span class='ocrx_word' id='word_1_674' title='bbox 631 5133 774 5188; x_wconf 86' lang='lat' dir='ltr'><strong>settteotiis</strong></span> <span class='ocrx_word' id='word_1_675' title='bbox 792 5140 925 5196; x_wconf 79' lang='lat' dir='ltr'><strong>attracta,</strong></span> <span class='ocrx_word' id='word_1_676' title='bbox 941 5147 1018 5185; x_wconf 85' lang='lat' dir='ltr'><strong>cotn-</strong></span> 
     </span>
     <span class='ocr_line' id='line_1_91' title="bbox 205 5203 1018 5301; baseline -0.007 -16"><span class='ocrx_word' id='word_1_677' title='bbox 205 5203 211 5220; x_wconf 52' lang='grc'><em>’</em></span> <span class='ocrx_word' id='word_1_678' title='bbox 226 5230 313 5301; x_wconf 79' lang='lat' dir='ltr'><strong>pilsta</strong></span> <span class='ocrx_word' id='word_1_679' title='bbox 328 5237 356 5284; x_wconf 88' lang='lat' dir='ltr'><strong>et</strong></span> <span class='ocrx_word' id='word_1_680' title='bbox 371 5226 484 5283; x_wconf 87' lang='lat' dir='ltr'><strong>reducta</strong></span> <span class='ocrx_word' id='word_1_681' title='bbox 500 5233 574 5291; x_wconf 90' lang='lat' dir='ltr'><strong>sunt,</strong></span> <span class='ocrx_word' id='word_1_682' title='bbox 589 5225 649 5280; x_wconf 88' lang='lat' dir='ltr'><strong>loco</strong></span> <span class='ocrx_word' id='word_1_683' title='bbox 665 5222 765 5293; x_wconf 76' lang='lat' dir='ltr'><strong>regule</strong></span> <span class='ocrx_word' id='word_1_684' title='bbox 781 5221 811 5278; x_wconf 87' lang='lat' dir='ltr'><strong>S.</strong></span> <span class='ocrx_word' id='word_1_685' title='bbox 828 5222 974 5293; x_wconf 75' lang='lat' dir='ltr'><strong>Augustini</strong></span> <span class='ocrx_word' id='word_1_686' title='bbox 989 5233 1018 5279; x_wconf 90' lang='lat' dir='ltr'><strong>et</strong></span> 
     </span>
     <span class='ocr_line' id='line_1_92' title="bbox 228 5313 1016 5388; baseline -0.009 -10"><span class='ocrx_word' id='word_1_687' title='bbox 228 5330 395 5378; x_wconf 85' lang='lat' dir='ltr'><strong>statutorum</strong></span> <span class='ocrx_word' id='word_1_688' title='bbox 415 5320 443 5375; x_wconf 94' lang='lat' dir='ltr'><strong>in</strong></span> <span class='ocrx_word' id='word_1_689' title='bbox 462 5313 577 5388; x_wconf 86' lang='lat' dir='ltr'><strong>epistola</strong></span> <span class='ocrx_word' id='word_1_690' title='bbox 594 5325 799 5381; x_wconf 84' lang='lat' dir='ltr'><strong>contentorum,</strong></span> <span class='ocrx_word' id='word_1_691' title='bbox 815 5315 970 5385; x_wconf 80' lang='lat' dir='ltr'><strong>hujusmodi</strong></span> <span class='ocrx_word' id='word_1_692' title='bbox 989 5315 1016 5371; x_wconf 94' lang='lat' dir='ltr'><strong>in</strong></span> 
     </span>
     <span class='ocr_line' id='line_1_93' title="bbox 228 5394 1016 5484; baseline -0.009 -14"><span class='ocrx_word' id='word_1_693' title='bbox 228 5413 350 5484; x_wconf 80' lang='lat' dir='ltr'><strong>regulata</strong></span> <span class='ocrx_word' id='word_1_694' title='bbox 369 5411 557 5469; x_wconf 81' lang='lat' dir='ltr'><strong>monachalem</strong></span> <span class='ocrx_word' id='word_1_695' title='bbox 575 5410 682 5466; x_wconf 89' lang='lat' dir='ltr'><strong>ordinis</strong></span> <span class='ocrx_word' id='word_1_696' title='bbox 699 5408 893 5463; x_wconf 84' lang='lat' dir='ltr'><strong>monachorum</strong></span> <span class='ocrx_word' id='word_1_697' title='bbox 910 5394 1016 5464; x_wconf 72' lang='lat' dir='ltr'><strong>Eremi-</strong></span> 
     </span>
     <span class='ocr_line' id='line_1_94' title="bbox 227 5501 1016 5574; baseline -0.005 -12"><span class='ocrx_word' id='word_1_698' title='bbox 227 5513 317 5562; x_wconf 83' lang='lat' dir='ltr'><strong>nrum</strong></span> <span class='ocrx_word' id='word_1_699' title='bbox 339 5505 404 5562; x_wconf 88' lang='lat' dir='ltr'><strong>dicti</strong></span> <span class='ocrx_word' id='word_1_700' title='bbox 425 5503 454 5561; x_wconf 80' lang='lat' dir='ltr'><strong>S.</strong></span> <span class='ocrx_word' id='word_1_701' title='bbox 472 5501 642 5574; x_wconf 79' lang='lat' dir='ltr'><strong>Hieronymi,</strong></span> <span class='ocrx_word' id='word_1_702' title='bbox 657 5501 735 5572; x_wconf 85' lang='lat' dir='ltr'><strong>cujus</strong></span> <span class='ocrx_word' id='word_1_703' title='bbox 752 5513 781 5556; x_wconf 88' lang='lat' dir='ltr'><strong>stt</strong></span> <span class='ocrx_word' id='word_1_704' title='bbox 799 5503 856 5570; x_wconf 90' lang='lat' dir='ltr'><strong>ipse</strong></span> <span class='ocrx_word' id='word_1_705' title='bbox 877 5501 1016 5571; x_wconf 87' lang='lat' dir='ltr'><strong>proiesaus</strong></span> 
     </span>
     <span class='ocr_line' id='line_1_95' title="bbox 228 5583 1016 5669; baseline -0.005 -14"><span class='ocrx_word' id='word_1_706' title='bbox 228 5599 351 5664; x_wconf 73' lang='lat' dir='ltr'><strong>exsistis,</strong></span> <span class='ocrx_word' id='word_1_707' title='bbox 368 5597 507 5669; x_wconf 77' lang='lat' dir='ltr'><strong>libataque</strong></span> <span class='ocrx_word' id='word_1_708' title='bbox 535 5596 618 5650; x_wconf 89' lang='lat' dir='ltr'><strong>vitam</strong></span> <span class='ocrx_word' id='word_1_709' title='bbox 646 5596 673 5648; x_wconf 91' lang='lat' dir='ltr'><strong>in</strong></span> <span class='ocrx_word' id='word_1_710' title='bbox 704 5593 827 5648; x_wconf 91' lang='lat' dir='ltr'><strong>ordinem</strong></span> <span class='ocrx_word' id='word_1_711' title='bbox 859 5583 1016 5663; x_wconf 82' lang='lat' dir='ltr'><strong>liujustuudi</strong></span> 
     </span>
     <span class='ocr_line' id='line_1_96' title="bbox 228 5685 1016 5759; baseline -0.006 -13"><span class='ocrx_word' id='word_1_712' title='bbox 228 5689 411 5757; x_wconf 79' lang='lat' dir='ltr'><strong>meriplendi,</strong></span> <span class='ocrx_word' id='word_1_713' title='bbox 437 5704 470 5745; x_wconf 89' lang='lat' dir='ltr'><strong>ac</strong></span> <span class='ocrx_word' id='word_1_714' title='bbox 496 5689 584 5759; x_wconf 88' lang='lat' dir='ltr'><strong>ipsam</strong></span> <span class='ocrx_word' id='word_1_715' title='bbox 610 5685 733 5757; x_wconf 88' lang='lat' dir='ltr'><strong>regulam</strong></span> <span class='ocrx_word' id='word_1_716' title='bbox 763 5687 883 5755; x_wconf 79' lang='lat' dir='ltr'><strong>ejusdem</strong></span> <span class='ocrx_word' id='word_1_717' title='bbox 910 5685 1016 5754; x_wconf 86' lang='lat' dir='ltr'><strong>Sartcti,</strong></span> 
     </span>
     <span class='ocr_line' id='line_1_97' title="bbox 231 5778 1016 5849; baseline 0.001 -16"><span class='ocrx_word' id='word_1_718' title='bbox 231 5780 377 5849; x_wconf 90' lang='lat' dir='ltr'><strong>prioribus,</strong></span> <span class='ocrx_word' id='word_1_719' title='bbox 402 5781 553 5846; x_wconf 84' lang='lat' dir='ltr'><strong>utonaclris,</strong></span> <span class='ocrx_word' id='word_1_720' title='bbox 580 5778 720 5843; x_wconf 88' lang='lat' dir='ltr'><strong>iratribus,</strong></span> <span class='ocrx_word' id='word_1_721' title='bbox 744 5787 771 5833; x_wconf 90' lang='lat' dir='ltr'><strong>et</strong></span> <span class='ocrx_word' id='word_1_722' title='bbox 796 5780 920 5847; x_wconf 87' lang='lat' dir='ltr'><strong>personis</strong></span> <span class='ocrx_word' id='word_1_723' title='bbox 946 5796 1016 5849; x_wconf 78' lang='lat' dir='ltr'><strong>prae·</strong></span> 
     </span>
     <span class='ocr_line' id='line_1_98' title="bbox 219 5872 733 5944; baseline 0.002 -19"><span class='ocrx_word' id='word_1_724' title='bbox 219 5872 421 5928; x_wconf 71' lang='lat' dir='ltr'><strong>memnones</strong></span> <span class='ocrx_word' id='word_1_725' title='bbox 440 5877 531 5931; x_wconf 84' lang='lat' dir='ltr'><strong>vivere</strong></span> <span class='ocrx_word' id='word_1_726' title='bbox 548 5872 733 5944; x_wconf 85' lang='lat' dir='ltr'><strong>cupientibus.</strong></span> 
     </span>
    </p>
   </div>
   <div class='ocr_carea' id='block_1_18' title="bbox 1070 4675 1866 5402">
    <p class='ocr_par' dir='ltr' id='par_1_22' title="bbox 1070 4675 1866 5402">
     <span class='ocr_line' id='line_1_99' title="bbox 1071 4675 1863 4757; baseline 0.019 -27"><span class='ocrx_word' id='word_1_727' title='bbox 1071 4686 1099 4731; x_wconf 90' lang='lat' dir='ltr'><strong>et</strong></span> <span class='ocrx_word' id='word_1_728' title='bbox 1114 4675 1246 4732; x_wconf 86' lang='lat' dir='ltr'><strong>iratribus</strong></span> <span class='ocrx_word' id='word_1_729' title='bbox 1261 4678 1397 4747; x_wconf 87' lang='lat' dir='ltr'><strong>praedictis</strong></span> <span class='ocrx_word' id='word_1_730' title='bbox 1412 4680 1460 4749; x_wconf 87' lang='lat' dir='ltr'><strong>qui</strong></span> <span class='ocrx_word' id='word_1_731' title='bbox 1480 4682 1604 4737; x_wconf 87' lang='lat' dir='ltr'><strong>ordinem</strong></span> <span class='ocrx_word' id='word_1_732' title='bbox 1627 4685 1715 4754; x_wconf 88' lang='lat' dir='ltr'><strong>ipsum</strong></span> <span class='ocrx_word' id='word_1_733' title='bbox 1734 4688 1793 4757; x_wconf 79' lang='lat' dir='ltr'><strong>jam</strong></span> <span class='ocrx_word' id='word_1_734' title='bbox 1812 4695 1863 4745; x_wconf 85' lang='lat' dir='ltr'><strong>sub</strong></span> 
     </span>
     <span class='ocr_line' id='line_1_100' title="bbox 1071 4768 1863 4852; baseline 0.02 -32"><span class='ocrx_word' id='word_1_735' title='bbox 1071 4769 1143 4823; x_wconf 89' lang='lat' dir='ltr'><strong>dieta</strong></span> <span class='ocrx_word' id='word_1_736' title='bbox 1160 4768 1250 4837; x_wconf 81' lang='lat' dir='ltr'><strong>regula</strong></span> <span class='ocrx_word' id='word_1_737' title='bbox 1267 4769 1296 4824; x_wconf 87' lang='lat' dir='ltr'><strong>S.</strong></span> <span class='ocrx_word' id='word_1_738' title='bbox 1314 4770 1459 4840; x_wconf 79' lang='lat' dir='ltr'><strong>Augustini</strong></span> <span class='ocrx_word' id='word_1_739' title='bbox 1479 4773 1595 4842; x_wconf 86' lang='lat' dir='ltr'><strong>proiessi</strong></span> <span class='ocrx_word' id='word_1_740' title='bbox 1612 4788 1687 4841; x_wconf 87' lang='lat' dir='ltr'><strong>sunt.</strong></span> <span class='ocrx_word' id='word_1_741' title='bbox 1701 4795 1733 4834; x_wconf 87' lang='lat' dir='ltr'><strong>ac</strong></span> <span class='ocrx_word' id='word_1_742' title='bbox 1750 4794 1863 4852; x_wconf 86' lang='lat' dir='ltr'><strong>propter</strong></span> 
     </span>
     <span class='ocr_line' id='line_1_101' title="bbox 1071 4861 1863 4934; baseline 0.016 -19"><span class='ocrx_word' id='word_1_743' title='bbox 1071 4861 1259 4915; x_wconf 87' lang='lat' dir='ltr'><strong>inilrvuitatem</strong></span> <span class='ocrx_word' id='word_1_744' title='bbox 1282 4862 1451 4930; x_wconf 80' lang='lat' dir='ltr'><strong>hujusmodi,</strong></span> <span class='ocrx_word' id='word_1_745' title='bbox 1468 4881 1516 4920; x_wconf 88' lang='lat' dir='ltr'><strong>seu</strong></span> <span class='ocrx_word' id='word_1_746' title='bbox 1539 4871 1635 4934; x_wconf 84' lang='lat' dir='ltr'><strong>quavis</strong></span> <span class='ocrx_word' id='word_1_747' title='bbox 1655 4868 1708 4923; x_wconf 90' lang='lat' dir='ltr'><strong>alia</strong></span> <span class='ocrx_word' id='word_1_748' title='bbox 1725 4872 1759 4926; x_wconf 86' lang='lat' dir='ltr'><strong>tic</strong></span> <span class='ocrx_word' id='word_1_749' title='bbox 1778 4889 1863 4930; x_wconf 78' lang='lat' dir='ltr'><strong>causa</strong></span> 
     </span>
     <span class='ocr_line' id='line_1_102' title="bbox 1070 4952 1865 5037; baseline 0.02 -32"><span class='ocrx_word' id='word_1_750' title='bbox 1070 4954 1104 5007; x_wconf 88' lang='lat' dir='ltr'><strong>ad</strong></span> <span class='ocrx_word' id='word_1_751' title='bbox 1120 4952 1324 5007; x_wconf 82' lang='lat' dir='ltr'><strong>otuervandun</strong></span> <span class='ocrx_word' id='word_1_752' title='bbox 1346 4954 1502 5023; x_wconf 84' lang='lat' dir='ltr'><strong>bujusrnodi</strong></span> <span class='ocrx_word' id='word_1_753' title='bbox 1520 4957 1640 5030; x_wconf 85' lang='lat' dir='ltr'><strong>reguiam</strong></span> <span class='ocrx_word' id='word_1_754' title='bbox 1657 4963 1687 5014; x_wconf 84' lang='lat' dir='ltr'><strong>S.</strong></span> <span class='ocrx_word' id='word_1_755' title='bbox 1703 4960 1865 5037; x_wconf 75' lang='lat' dir='ltr'><strong>llierouymi</strong></span> 
     </span>
     <span class='ocr_line' id='line_1_103' title="bbox 1071 5045 1865 5124; baseline 0.019 -27"><span class='ocrx_word' id='word_1_756' title='bbox 1071 5059 1100 5099; x_wconf 86' lang='lat' dir='ltr'><strong>se</strong></span> <span class='ocrx_word' id='word_1_757' title='bbox 1120 5045 1282 5114; x_wconf 87' lang='lat' dir='ltr'><strong>impotentes</strong></span> <span class='ocrx_word' id='word_1_758' title='bbox 1301 5049 1450 5116; x_wconf 83' lang='lat' dir='ltr'><strong>senserint,</strong></span> <span class='ocrx_word' id='word_1_759' title='bbox 1470 5057 1517 5103; x_wconf 84' lang='lat' dir='ltr'><strong>aut</strong></span> <span class='ocrx_word' id='word_1_760' title='bbox 1540 5051 1609 5105; x_wconf 87' lang='lat' dir='ltr'><strong>alias</strong></span> <span class='ocrx_word' id='word_1_761' title='bbox 1632 5066 1692 5106; x_wconf 88' lang='lat' dir='ltr'><strong>eant</strong></span> <span class='ocrx_word' id='word_1_762' title='bbox 1718 5071 1865 5124; x_wconf 63' lang='lat' dir='ltr'><strong>acccprate</strong></span> 
     </span>
     <span class='ocr_line' id='line_1_104' title="bbox 1070 5138 1866 5213; baseline 0.019 -22"><span class='ocrx_word' id='word_1_763' title='bbox 1070 5138 1219 5201; x_wconf 87' lang='lat' dir='ltr'><strong>noluerint,</strong></span> <span class='ocrx_word' id='word_1_764' title='bbox 1237 5148 1267 5191; x_wconf 92' lang='lat' dir='ltr'><strong>ut</strong></span> <span class='ocrx_word' id='word_1_765' title='bbox 1280 5140 1331 5193; x_wconf 90' lang='lat' dir='ltr'><strong>sub</strong></span> <span class='ocrx_word' id='word_1_766' title='bbox 1346 5139 1528 5211; x_wconf 68' lang='lat' dir='ltr'><strong>illisnegula,</strong></span> <span class='ocrx_word' id='word_1_767' title='bbox 1546 5145 1733 5213; x_wconf 87' lang='lat' dir='ltr'><strong>observantia,</strong></span> <span class='ocrx_word' id='word_1_768' title='bbox 1752 5160 1780 5204; x_wconf 91' lang='lat' dir='ltr'><strong>et</strong></span> <span class='ocrx_word' id='word_1_769' title='bbox 1798 5153 1866 5205; x_wconf 91' lang='lat' dir='ltr'><strong>obc-</strong></span> 
     </span>
     <span class='ocr_line' id='line_1_105' title="bbox 1070 5230 1865 5305; baseline 0.019 -21"><span class='ocrx_word' id='word_1_770' title='bbox 1070 5230 1174 5285; x_wconf 87' lang='lat' dir='ltr'><strong>dientia</strong></span> <span class='ocrx_word' id='word_1_771' title='bbox 1202 5231 1383 5300; x_wconf 81' lang='lat' dir='ltr'><strong>regularibus,</strong></span> <span class='ocrx_word' id='word_1_772' title='bbox 1401 5236 1452 5289; x_wconf 88' lang='lat' dir='ltr'><strong>sub</strong></span> <span class='ocrx_word' id='word_1_773' title='bbox 1479 5235 1580 5305; x_wconf 87' lang='lat' dir='ltr'><strong>quibus</strong></span> <span class='ocrx_word' id='word_1_774' title='bbox 1601 5250 1649 5292; x_wconf 87' lang='lat' dir='ltr'><strong>eos</strong></span> <span class='ocrx_word' id='word_1_775' title='bbox 1673 5248 1701 5292; x_wconf 92' lang='lat' dir='ltr'><strong>tu</strong></span> <span class='ocrx_word' id='word_1_776' title='bbox 1727 5241 1865 5299; x_wconf 81' lang='lat' dir='ltr'><strong>bacteuus</strong></span> 
     </span>
     <span class='ocr_line' id='line_1_106' title="bbox 1071 5323 1865 5402; baseline 0.018 -26"><span class='ocrx_word' id='word_1_777' title='bbox 1071 5323 1165 5377; x_wconf 90' lang='lat' dir='ltr'><strong>texisti</strong></span> <span class='ocrx_word' id='word_1_778' title='bbox 1190 5332 1217 5377; x_wconf 90' lang='lat' dir='ltr'><strong>et</strong></span> <span class='ocrx_word' id='word_1_779' title='bbox 1233 5325 1402 5393; x_wconf 88' lang='lat' dir='ltr'><strong>gubernasti,</strong></span> <span class='ocrx_word' id='word_1_780' title='bbox 1421 5326 1504 5382; x_wconf 89' lang='lat' dir='ltr'><strong>etiam</strong></span> <span class='ocrx_word' id='word_1_781' title='bbox 1526 5328 1562 5384; x_wconf 88' lang='lat' dir='ltr'><strong>de</strong></span> <span class='ocrx_word' id='word_1_782' title='bbox 1586 5340 1687 5386; x_wconf 82' lang='lat' dir='ltr'><strong>caetere</strong></span> <span class='ocrx_word' id='word_1_783' title='bbox 1707 5347 1804 5402; x_wconf 72' lang='lat' dir='ltr'><strong>regere</strong></span> <span class='ocrx_word' id='word_1_784' title='bbox 1834 5350 1865 5390; x_wconf 88' lang='lat' dir='ltr'><strong>et</strong></span> 
     </span>
    </p>
   </div>
   <div class='ocr_carea' id='block_1_19' title="bbox 1069 5417 1863 5564">
    <p class='ocr_par' dir='ltr' id='par_1_23' title="bbox 1069 5417 1863 5564">
     <span class='ocr_line' id='line_1_107' title="bbox 1069 5417 1863 5562; baseline 0.023 -93"><span class='ocrx_word' id='word_1_785' title='bbox 1069 5417 1231 5562; x_wconf 52' lang='lat' dir='ltr'><strong>gobepvsare,</strong></span> <span class='ocrx_word' id='word_1_786' title='bbox 1249 5417 1354 5488; x_wconf 83' lang='lat' dir='ltr'><strong>ipsique</strong></span> <span class='ocrx_word' id='word_1_787' title='bbox 1374 5421 1402 5475; x_wconf 89' lang='lat' dir='ltr'><strong>iu</strong></span> <span class='ocrx_word' id='word_1_788' title='bbox 1427 5421 1479 5477; x_wconf 88' lang='lat' dir='ltr'><strong>illis</strong></span> <span class='ocrx_word' id='word_1_789' title='bbox 1500 5438 1655 5494; x_wconf 85' lang='lat' dir='ltr'><strong>remanere,</strong></span> <span class='ocrx_word' id='word_1_790' title='bbox 1671 5435 1700 5483; x_wconf 92' lang='lat' dir='ltr'><strong>et</strong></span> <span class='ocrx_word' id='word_1_791' title='bbox 1715 5425 1863 5487; x_wconf 80' lang='lat' dir='ltr'><strong>Altissiato</strong></span> 
     </span>
     <span class='ocr_line' id='line_1_108' title="bbox 1099 5524 1205 5564; baseline 0.028 -4"><span class='ocrx_word' id='word_1_792' title='bbox 1099 5524 1140 5561; x_wconf 88' lang='lat' dir='ltr'><strong>tttu</strong></span> <span class='ocrx_word' id='word_1_793' title='bbox 1154 5525 1205 5564; x_wconf 67' lang='lat' dir='ltr'><strong>ssis</strong></span> 
     </span>
    </p>
   </div>
   <div class='ocr_carea' id='block_1_20' title="bbox 1069 5599 1865 5956">
    <p class='ocr_par' dir='ltr' id='par_1_24' title="bbox 1069 5599 1865 5956">
     <span class='ocr_line' id='line_1_109' title="bbox 1106 5599 1864 5682; baseline 0.028 -31"><span class='ocrx_word' id='word_1_794' title='bbox 1106 5599 1149 5653; x_wconf 86' lang='lat' dir='ltr'><strong>tn.</strong></span> <span class='ocrx_word' id='word_1_795' title='bbox 1167 5599 1234 5654; x_wconf 82' lang='lat' dir='ltr'><strong>Cum</strong></span> <span class='ocrx_word' id='word_1_796' title='bbox 1252 5602 1293 5657; x_wconf 88' lang='lat' dir='ltr'><strong>eis</strong></span> <span class='ocrx_word' id='word_1_797' title='bbox 1314 5617 1434 5674; x_wconf 82' lang='lat' dir='ltr'><strong>quoqne,</strong></span> <span class='ocrx_word' id='word_1_798' title='bbox 1452 5619 1485 5661; x_wconf 90' lang='lat' dir='ltr'><strong>ac</strong></span> <span class='ocrx_word' id='word_1_799' title='bbox 1503 5606 1587 5662; x_wconf 85' lang='lat' dir='ltr'><strong>etiam</strong></span> <span class='ocrx_word' id='word_1_800' title='bbox 1611 5609 1676 5679; x_wconf 92' lang='lat' dir='ltr'><strong>illis,</strong></span> <span class='ocrx_word' id='word_1_801' title='bbox 1693 5612 1740 5682; x_wconf 86' lang='lat' dir='ltr'><strong>qui</strong></span> <span class='ocrx_word' id='word_1_802' title='bbox 1759 5628 1864 5671; x_wconf 79' lang='grc' dir='ltr'><strong>ιεειιιι-</strong></span> 
     </span>
     <span class='ocr_line' id='line_1_110' title="bbox 1069 5687 1863 5770; baseline 0.024 -28"><span class='ocrx_word' id='word_1_803' title='bbox 1069 5687 1134 5743; x_wconf 85' lang='lat' dir='ltr'><strong>doru</strong></span> <span class='ocrx_word' id='word_1_804' title='bbox 1151 5692 1238 5760; x_wconf 86' lang='lat' dir='ltr'><strong>ipsam</strong></span> <span class='ocrx_word' id='word_1_805' title='bbox 1256 5696 1375 5760; x_wconf 85' lang='lat' dir='ltr'><strong>reguiam</strong></span> <span class='ocrx_word' id='word_1_806' title='bbox 1390 5695 1419 5749; x_wconf 88' lang='lat' dir='ltr'><strong>S.</strong></span> <span class='ocrx_word' id='word_1_807' title='bbox 1436 5694 1603 5766; x_wconf 80' lang='lat' dir='ltr'><strong>llieronytui,</strong></span> <span class='ocrx_word' id='word_1_808' title='bbox 1621 5713 1649 5754; x_wconf 89' lang='lat' dir='ltr'><strong>et</strong></span> <span class='ocrx_word' id='word_1_809' title='bbox 1669 5711 1698 5756; x_wconf 93' lang='lat' dir='ltr'><strong>ut</strong></span> <span class='ocrx_word' id='word_1_810' title='bbox 1713 5704 1863 5770; x_wconf 78' lang='lat' dir='ltr'><strong>praeiertur</strong></span> 
     </span>
     <span class='ocr_line' id='line_1_111' title="bbox 1070 5783 1864 5860; baseline 0.019 -25"><span class='ocrx_word' id='word_1_811' title='bbox 1070 5783 1255 5852; x_wconf 78' lang='lat' dir='ltr'><strong>inposterum</strong></span> <span class='ocrx_word' id='word_1_812' title='bbox 1277 5802 1326 5855; x_wconf 91' lang='lat' dir='ltr'><strong>pro</strong></span> <span class='ocrx_word' id='word_1_813' title='bbox 1351 5796 1473 5855; x_wconf 91' lang='lat' dir='ltr'><strong>tempore</strong></span> <span class='ocrx_word' id='word_1_814' title='bbox 1497 5792 1709 5860; x_wconf 89' lang='lat' dir='ltr'><strong>prolitebuntttr,</strong></span> <span class='ocrx_word' id='word_1_815' title='bbox 1724 5809 1793 5852; x_wconf 83' lang='lat' dir='ltr'><strong>casu</strong></span> <span class='ocrx_word' id='word_1_816' title='bbox 1810 5798 1864 5852; x_wconf 89' lang='lat' dir='ltr'><strong>aii-</strong></span> 
     </span>
     <span class='ocr_line' id='line_1_112' title="bbox 1069 5878 1865 5956; baseline 0.024 -27"><span class='ocrx_word' id='word_1_817' title='bbox 1069 5893 1124 5946; x_wconf 79' lang='lat' dir='ltr'><strong>guo</strong></span> <span class='ocrx_word' id='word_1_818' title='bbox 1146 5878 1179 5931; x_wconf 86' lang='lat' dir='ltr'><strong>de</strong></span> <span class='ocrx_word' id='word_1_819' title='bbox 1202 5881 1501 5946; x_wconf 66' lang='lat' dir='ltr'><strong>pientissimorum</strong></span> <span class='ocrx_word' id='word_1_820' title='bbox 1530 5887 1683 5943; x_wconf 88' lang='lat' dir='ltr'><strong>rationabili</strong></span> <span class='ocrx_word' id='word_1_821' title='bbox 1707 5904 1805 5956; x_wconf 81' lang='lat' dir='ltr'><strong>caasa,</strong></span> <span class='ocrx_word' id='word_1_822' title='bbox 1826 5892 1865 5948; x_wconf 83' lang='lat' dir='ltr'><strong>de</strong></span> 
     </span>
    </p>
   </div>
   <div class='ocr_carea' id='block_1_21' title="bbox 0 0 2063 6434">
    <p class='ocr_par' dir='ltr' id='par_1_25' title="bbox 0 0 2063 6434">
     <span class='ocr_line' id='line_1_113' title="bbox 0 0 2063 6434; baseline 0 0"><span class='ocrx_word' id='word_1_823' title='bbox 0 0 2063 6434; x_wconf 95' lang='lat' dir='ltr'><strong> </strong></span> 
     </span>
    </p>
   </div>
  </div>
 </body>
</html>
