4109 6434
194 420 248 486 est

664 423 693 486 S.
718 426 942 489 attendisti
964 429 1130 491 desudat
1151 432 1357 495 dndtlsslt.

1766 426 1821 492 ιιι

195 537 240 592 tlte·
250 538 414 606 scorpionem
432 537 509 609 (Luc.
525 554 565 605 rt,
586 538 652 607 tall
677 554 710 596 ac
727 541 758 610 ,si
773 541 867 596 dicat:
886 543 914 598 st
941 547 987 599 ba-
1000 553 1024 612 Α
1039 545 1110 599 derit
1125 547 1242 600 alienum
1259 564 1265 598 :
1282 546 1345 615 qula
1360 543 1402 600 las
1417 557 1469 598 non
1485 549 1544 600 erat
1558 541 1628 614 apud
1647 543 1728 597 alium
1759 547 1823 598 rcri-

195 632 246 689 bea
257 634 284 686 in
301 631 385 688 licum
402 649 477 704 spent
491 648 597 700 veram,
621 635 679 689 sire
700 635 892 704 cogitationem
917 652 983 692 san·

197 735 272 782 etam
287 727 314 782 in
330 727 412 782 corde
431 735 478 780 tuo
498 726 672 796 cogitaveris,
686 742 739 782 non
751 728 982 794 contrarietatem,

196 814 248 866 nee
267 812 425 866 insidiarum
441 813 606 867 calnntnistn
621 829 637 867 a
653 813 767 869 Domino
797 817 983 879 pertimescas.

196 899 229 957 Si
242 917 304 970 erpo
318 918 364 955 nos
379 917 440 956 cnm
463 903 522 957 ritis
539 905 615 965 rrrnli,
640 905 722 958 rroatir
743 905 811 958 ione
834 907 899 960 dore
922 906 985 973 liliis

198 994 303 1056 reatris,
329 1001 430 1061 quanto
453 994 536 1064 tangis
557 993 640 1048 Peter
656 1006 741 1049 uester
764 996 797 1049 de
824 997 889 1050 coeln
912 996 986 1049 dedit

199 1079 270 1133 uobis
285 1081 409 1149 spiritum
424 1080 520 1134 bonum
535 1084 685 1139 timentibus
695 1102 723 1141 se
736 1085 846 1154 (Metuit.
861 1103 907 1149 stt,
920 1086 983 1153 llll

199 1168 237 1224 Ac
256 1170 279 1225 si
295 1170 416 1225 diceret:
433 1171 462 1225 Si
477 1170 604 1225 homines
618 1173 741 1228 carnales
760 1175 829 1229 inter
843 1174 942 1228 bonum
959 1184 986 1228 et

198 1260 300 1314 malunt
326 1262 494 1328 discernitis,
530 1273 557 1317 et
574 1279 627 1317 non
648 1264 730 1319 uultis
754 1274 784 1319 ut
807 1267 922 1335 quisque
941 1280 985 1320 re·

168 1341 171 1346 ¹
199 1361 288 1409 strum
311 1354 345 1408 de
366 1369 448 1408 ntanu
464 1366 554 1410 restra
573 1356 673 1410 rtialnm
697 1358 829 1426 probono
854 1359 984 1428 recipiet;

200 1455 301 1514 quanto
325 1446 554 1515 magisllensqni
583 1457 683 1503 cuncta
717 1450 838 1504 condidit
869 1451 983 1515 liontini,

200 1538 327 1606 quemad
348 1539 492 1608 imaginem
510 1554 587 1595 snam
602 1541 677 1606 lecit,
695 1540 810 1594 siriciilcr
821 1543 871 1596 sibi
883 1542 984 1611 petenti

200 1627 302 1684 tribuet
313 1632 403 1684 botta!
422 1631 513 1700 lpnent
529 1634 585 1685 ueni
603 1634 707 1685 mittere
720 1633 747 1686 in
764 1645 873 1696 terrant,
890 1633 986 1702 etquid

200 1720 260 1776 nelo
276 1723 327 1774 nisi
348 1732 375 1775 ιιι
401 1723 563 1777 eccettdctar
583 1721 659 1792 (Luc.
679 1739 730 1791 ιιι,
754 1709 820 1793 lbi?
843 1724 913 1790 Quid
935 1727 986 1781 ltuc

200 1812 263 1868 loco
286 1814 375 1883 ignem
400 1815 451 1869 nisi
478 1814 608 1882 Spiritum
633 1830 756 1870 sanctuni
786 1817 985 1884 intelligimus,

1036 637 1105 703 neri,
1124 639 1194 706 qnod
1204 637 1320 691 Dorrtino
1333 653 1383 692 suo
1398 636 1486 691 luerat
1500 635 1694 690 necessarium.
1709 635 1824 689 ddditnt·

1028 718 1231 802 Jcotrsolationis
1248 727 1301 781 alia
1317 727 1499 796 providentia,
1516 740 1576 795 quae
1588 726 1688 795 incidis
1699 727 1824 781 urliitatis

1026 825 1173 900 occurrat.
1189 817 1319 887 Plangere
1334 816 1478 870 debuimus
1492 816 1636 871 desaecnln
1652 816 1822 879 recedentes,

1036 905 1059 959 si
1075 905 1166 959 sacculi
1185 905 1340 959 inimicitias
1353 915 1448 960 contra
1462 920 1510 960 nos
1520 906 1632 960 minime
1647 907 1824 967 sentiremus:

1036 1005 1063 1051 et
1079 994 1229 1066 plangimus
1243 995 1347 1050 Domini
1363 997 1504 1061 benedcia,
1538 997 1583 1065 qni
1610 996 1685 1050 norit
1709 998 1825 1052 inlirtni-

1038 1082 1086 1136 tati
1101 1092 1200 1137 nostrae
1219 1083 1283 1152 quid
1294 1094 1414 1152 praestet.
1431 1083 1581 1140 Perit-litari
1600 1083 1707 1138 uolebat
1723 1086 1823 1152 adlanc,

1038 1174 1084 1243 qni
1092 1173 1163 1229 dolet
1176 1173 1293 1242 aliquem
1309 1176 1487 1230 dormientem
1501 1191 1509 1242 ;
1527 1185 1555 1231 ct
1570 1175 1751 1232 intertinctus
1764 1178 1826 1231 sine

1038 1266 1180 1335 praesentis
1196 1268 1290 1322 nidere
1306 1267 1433 1337 cupiebat
1458 1269 1586 1323 miserum
1602 1269 1737 1324 laborare.
1752 1270 1823 1323 Tali·

1038 1358 1089 1412 bus
1101 1373 1133 1412 ac
1148 1359 1232 1413 tantis
1251 1360 1456 1426 tempestatibus
1466 1361 1536 1422 ritae,
1554 1369 1592 1413 tot
1606 1363 1824 1430 impugnationes

1038 1448 1148 1515 diaboli,
1166 1460 1205 1505 tot
1224 1451 1346 1518 eorporis
1365 1449 1447 1513 bella,
1464 1458 1501 1503 tot
1515 1449 1605 1505 seculi
1621 1452 1715 1504 clades
1726 1452 1824 1505 erasit.

1040 1539 1073 1595 Et
1086 1539 1219 1611 lacrymas
1237 1540 1338 1606 lunrlis,
1350 1542 1427 1609 qnasi
1448 1542 1557 1597 nescias
1579 1541 1645 1610 quid
1659 1543 1686 1595 in
1714 1549 1741 1594 ιο
1767 1542 1827 1610 ipso

1039 1631 1162 1699 qnotidie
1178 1631 1309 1697 patiaris?

1074 1718 1121 1774 lli.
1144 1718 1257 1788 Propter
1274 1720 1346 1788 qnod
1374 1722 1503 1773 admonet
1532 1721 1661 1775 llnrninns
1687 1721 1826 1788 apostolos

1039 1823 1112 1877 suos,
1128 1809 1238 1866 dicens:
1253 1809 1282 1864 Si
1299 1811 1441 1881 diligeretis
1455 1828 1505 1873 nte,
1515 1812 1674 1881 gauderetis,
1684 1813 1748 1880 quia
1760 1813 1827 1864 nerle

201 1919 282 1974 quem
308 1905 437 1961 bortrinus
462 1908 487 1961 in
506 1919 604 1961 terrant
625 1897 700 1963 misit
730 1918 759 1962 ut
785 1917 846 1963 urat
869 1910 932 1964 ritis
953 1920 986 1977 et
1003 1900 1024 1956 Β
1040 1904 1074 1954 ad
1087 1899 1195 1955 Putrem
1216 1901 1307 1969 (lona.
1329 1919 1384 1967 atr,
1413 1903 1471 1970 ιιι.
1489 1902 1572 1958 Plane
1594 1904 1727 1959 Lazarum
1754 1903 1829 1958 dont

202 2006 326 2066 peccata,
347 2008 375 2052 et
391 2001 523 2054 accendat
543 2001 651 2054 animas
668 2015 715 2069 per
731 1982 893 2056 clnaritntcnt
907 2011 989 2071 atquc

202 2086 358 2143 illuminet?

258 2222 419 2280 dodltdll
441 2225 475 2281 tlt
500 2225 707 2293 secundent!
730 2224 935 2282 untstutnd.

238 2334 398 2401 Qnanqnant
422 2350 501 2389 nemo
525 2335 575 2389 ibit
598 2335 713 2401 inficias,
742 2335 823 2404 hujus
850 2345 989 2389 auctorem

204 2406 342 2475 epistolar,
354 2407 375 2458 si
388 2419 451 2458 cunr
469 2404 634 2475 llicrunytnu
648 2416 837 2474 cotnponatnr,
852 2404 932 2475 longo
945 2405 989 2458 itt·

206 2474 320 2531 tervallo
337 2475 406 2527 inira
432 2474 491 2543 ejus
509 2474 645 2542 ingenium
672 2489 704 2528 ac
724 2475 882 2545 dignitatern
908 2488 989 2529 csse:

205 2558 259 2598 non
276 2544 398 2611 probarit
412 2556 500 2597 tarttcn
516 2544 620 2597 Erasini
636 2558 793 2610 censuram,
809 2545 832 2596 si
847 2544 911 2613 qnid
924 2545 991 2597 alias

205 2613 286 2683 plane
306 2614 475 2680 injuriosam,
491 2612 537 2667 ubi
553 2628 615 2667 curn
629 2622 708 2665 rot-at
723 2612 989 2682 impudentissimum

206 2681 341 2746 rabulam,
365 2681 545 2745 ebulientem,
566 2696 620 2735 uon
639 2683 857 2750 proloquentem,
872 2692 900 2735 et
913 2682 991 2749 quid-

206 2751 270 2820 quid
288 2752 314 2802 in
331 2751 443 2804 buccam
460 2753 575 2815 venerit,
602 2751 795 2805 oblatrantem.
821 2752 948 2806 Versstns
963 2751 990 2805 in

206 2820 258 2872 linc
274 2819 336 2887 ipso
355 2830 515 2888 argumento
531 2831 573 2875 est
595 2820 688 2875 llictor
708 2819 863 2884 Cantennam,
890 2818 992 2874 Mauri·

205 2889 287 2941 tardae
301 2889 419 2942 trinitans
441 2893 596 2958 episcopus,
621 2890 667 2957 qni
683 2891 804 2956 scripsit,
821 2898 891 2944 teste
914 2890 989 2944 Gen·

207 2958 291 3011 undio
307 2973 368 3026 cap.
386 2959 430 3018 lt.
445 2960 478 3010 nd
493 2958 625 3013 Basiliam
642 2962 783 3030 qnerndnnr
810 2975 889 3027 anper
910 2970 992 3012 rarorte

206 3023 259 3094 filit
274 3029 479 3080 cortaelotoriunr
500 3030 608 3095 librent,
633 3046 677 3097 ape
693 3031 905 3096 ream-rectionis,
931 3046 991 3094 per-

207 3097 604 3166 [calcinatrnetioneinterritam.

471 3233 643 3290 sustene
675 3235 732 3290 xt.

224 3359 258 3401 att
269 3361 399 3403 rttttstutt
412 3363 494 3403 sttrcn
505 3363 680 3405 rennuentes
694 3362 749 3403 suc
763 3361 975 3402 consottronn.

244 3459 390 3516 Benedicta
406 3472 433 3515 ct
449 3461 624 3518 dilectissimo
639 3462 753 3532 Tyrasiu
766 3459 956 3532 llieronyntns.

245 3550 267 3606 l.
284 3552 434 3607 Citaritatis
453 3553 617 3621 tuaeseripta
634 3552 752 3622 percepi,
769 3553 795 3606 in
815 3553 915 3622 quibus
931 3553 992 3605 ani·

211 3659 284 3697 ntunt
301 3652 376 3696 tuum
393 3646 486 3699 dolore
504 3656 668 3699 corntnotutn
692 3648 724 3699 dc
746 3645 807 3699 litiae
832 3645 994 3699 dormitione

212 3733 341 3803 cognovi.
360 3732 418 3787 Non
444 3735 516 3791 aliud
532 3736 718 3807 principaliter
742 3735 892 3790 admiratus
922 3750 993 3797 sutri,

211 3841 293 3896 quarn
313 3826 461 3883 Clnistiani
490 3829 609 3898 pectoris
634 3829 659 3882 in
676 3839 702 3882 te
723 3828 840 3883 ablatam
866 3829 993 3882 virtntctn

210 3918 304 3985 luisse,
324 3930 354 3974 ut
384 3922 504 3974 arrimnnr
528 3919 652 3976 flecteres
679 3923 711 3976 ad
739 3921 872 3977 dolorem.
891 3920 995 3991 Stupco

211 4025 317 4064 uturum
330 4010 391 4065 lldei
407 4009 578 4080 penetratum
596 4011 752 4067 rnlncribus
766 4010 900 4078 orbitatis,
914 4027 994 4081 quent

210 4103 298 4172 sepire
311 4103 440 4158 debuerat
454 4118 516 4172 spes
530 4105 740 4160 resurrectionis
757 4113 786 4158 ct
815 4104 891 4174 regni
910 4106 996 4159 coelc-

209 4198 269 4252 stis.
283 4194 428 4266 Nunquam
443 4213 505 4267 spes
524 4211 585 4252 cum
598 4197 689 4252 dolore
699 4197 857 4264 concordat,
871 4190 919 4252 uec
930 4199 996 4253 lidcs

1042 2004 1191 2059 mortuum,
1207 1996 1254 2050 sed
1272 2009 1326 2048 non
1346 2005 1406 2051 tuas
1421 1995 1556 2065 lacrymas
1585 1992 1663 2049 ludit.
1690 1995 1826 2051 ilesurrc-

1048 2085 1148 2140 ctionis
1164 2087 1315 2155 promissor
1330 2085 1451 2141 dolorem
1468 2085 1567 2140 doecre
1583 2101 1636 2139 nun
1658 2094 1776 2155 poterat,
1794 2100 1827 2138 ne

1042 2176 1120 2232 lidcrn
1138 2177 1280 2247 perfidiam
1297 2177 1410 2245 laceret,
1427 2193 1509 2248 quant
1528 2178 1655 2233 docebat.
1669 2176 1760 2232 llolnit
1773 2176 1827 2230 La·

1042 2282 1197 2324 tarumnon
1220 2270 1410 2335 dormientem,
1440 2269 1486 2324 sed
1505 2269 1597 2337 potius
1621 2278 1826 2336 resurgentem:

1041 2358 1171 2426 clllebat,
1186 2375 1267 2431 quent
1281 2362 1430 2429 cogebatur
1441 2371 1551 2428 propter
1565 2359 1633 2413 alios
1646 2359 1679 2412 ad
1697 2358 1825 2412 saeculnm

1042 2467 1181 2510 revocare.
1201 2452 1277 2508 llanc
1294 2453 1376 2507 ritant
1389 2453 1456 2508 claris
1468 2451 1606 2513 borninua,
1620 2449 1825 2516 ingorniaccbat,

1042 2562 1122 2617 qttant
1139 2557 1165 2600 ιιι
1182 2546 1256 2600 doles
1267 2561 1328 2600 csse
1339 2544 1483 2598 sublatam.
1500 2543 1601 2597 Contra
1618 2543 1753 2612 lacrymas
1768 2540 1828 2609 ejus

1042 2647 1162 2708 pugnant
1179 2638 1302 2707 laerytnm
1320 2645 1384 2699 luae,
1397 2646 1424 2689 et
1436 2649 1513 2686 arnor
1526 2645 1590 2688 tuns
1604 2634 1689 2686 araturi
1706 2631 1764 2700 ejus
1775 2645 1828 2684 tion

1042 2732 1180 2787 contenit.
1199 2731 1247 2786 llic
1259 2732 1337 2785 lletus
1348 2746 1400 2783 non
1414 2730 1495 2784 babet
1507 2729 1647 2799 pietatem.
1662 2725 1708 2781 llle
1718 2726 1829 2780 nolebat

1042 2824 1155 2878 reddere
1173 2823 1322 2887 laboribus,
1345 2837 1426 2892 quem
1449 2819 1602 2875 dilexerat:
1628 2829 1656 2874 et
1681 2832 1709 2872 tu
1735 2832 1829 2873 atnam

1042 2917 1172 2970 credebas
1185 2925 1220 2978 tc,
1241 2915 1285 2968 cni
1302 2915 1424 2968 laborum
1447 2913 1557 2966 volebas
1580 2911 1670 2966 adbuc
1698 2920 1830 2980 praestare

1044 3014 1190 3062 incruenta.
1206 3005 1339 3061 Caeterum
1350 3007 1372 3060 si
1386 3014 1535 3072 putasennr
1553 3003 1685 3056 Lazarum
1697 3001 1830 3067 tlolnisse,

1043 3111 1106 3154 autc
1131 3115 1182 3153 non
1204 3099 1376 3168 permisisset
1407 3097 1494 3161 exire,
1511 3096 1559 3166 qui
1586 3095 1719 3164 repellere
1744 3094 1832 3164 potnit

1044 3201 1174 3245 mortem:
1192 3200 1238 3244 aad
1258 3201 1331 3244 certe
1346 3205 1398 3244 tren
1409 3189 1498 3250 llcrct,
1514 3189 1559 3257 qui
1575 3198 1711 3241 rnortuutn
1742 3189 1831 3242 susci-

1045 3281 1282 3350 tarcpoatinudnnr
1296 3282 1428 3334 babuerat
1438 3289 1608 3349 potestatem.
1624 3280 1698 3335 Unde
1709 3289 1832 3347 apparet,

1044 3371 1101 3425 sola
1126 3388 1187 3425 curti
1204 3386 1284 3426 carisa
1319 3372 1403 3427 luisse
1427 3382 1605 3436 conanmtum,
1628 3373 1700 3439 quod
1724 3375 1757 3426 ad
1783 3373 1832 3426 lto·

1045 3463 1134 3517 stilorn
1151 3465 1233 3516 ritant
1255 3464 1445 3517 clrarissinrnm
1473 3479 1600 3520 reuocare
1615 3465 1717 3524 denuo,
1733 3476 1759 3518 ct
1772 3479 1834 3531 pru·

1045 3564 1106 3623 pter
1116 3556 1271 3610 credituros
1288 3556 1393 3624 aliquos
1408 3567 1436 3611 ct
1449 3557 1514 3611 conl
1516 3557 1656 3612 dedendos
1668 3558 1833 3621 incredulos,

1046 3649 1201 3716 urgebatur.
1231 3648 1349 3715 lienique
1381 3649 1421 3702 sic
1446 3650 1608 3703 subsecutus
1629 3658 1681 3712 est,
1716 3647 1832 3702 dicens:

1046 3740 1128 3813 Ergo,
1144 3741 1235 3807 Peter,
1249 3756 1276 3795 nt
1292 3743 1409 3799 credent.
1429 3742 1491 3811 quin
1506 3749 1533 3792 tn
1552 3755 1592 3792 nee
1616 3738 1712 3791 ntiaisli
1740 3734 1832 3805 (loon.

1045 3835 1149 3903 tel-2),
1162 3836 1200 3889 ait
1210 3836 1281 3890 clara
1292 3851 1374 3890 voco:
1390 3835 1502 3899 Lucere,
1511 3833 1589 3900 prodi
1604 3830 1669 3900 loris
1681 3828 1765 3900 (leid.
1776 3829 1832 3894 ιι).

1046 3924 1080 3981 Et
1095 3926 1195 3981 laetum
1209 3938 1264 3983 cst.

1083 4017 1127 4073 lt.
1145 4019 1238 4073 Gaude
1252 4031 1316 4087 crgo
1332 4015 1406 4071 unde
1423 4014 1467 4069 illc
1480 4021 1591 4069 coactus
1603 4018 1647 4066 est
1660 4010 1734 4073 llcrc,
1756 4025 1790 4063 ne
1807 4020 1834 4063 tn

1047 4107 1142 4161 saltent
1160 4102 1447 4159 ridearisdorrnicntis
1459 4101 1636 4157 felicitatibus
1649 4102 1782 4155 invidere.
1795 4101 1836 4153 lib

1048 4197 1135 4252 alieno
1149 4195 1251 4250 mundo
1267 4195 1406 4263 proprium
1426 4194 1553 4248 transisit
1568 4194 1602 4246 ad
1615 4192 1781 4257 ilontinnm;
1809 4201 1838 4245 et

210 4287 357 4359 aliqnando
372 4290 455 4344 sentit
468 4300 717 4360 quantamcumque
730 4290 877 4359 jacturam.
897 4287 997 4345 Restar-
1048 4289 1082 4343 de
1105 4287 1196 4342 bostili
1214 4287 1303 4356 patria
1329 4286 1457 4355 migrarit
1475 4288 1507 4340 ad
1525 4285 1635 4340 coelum.
1667 4285 1771 4337 llordra
1796 4285 1837 4338 sic

210 4383 564 4453 gerecredimusmnrtuos,
582 4391 609 4437 ct
626 4381 797 4452 plangirnusl
825 4382 893 4448 Quid
922 4381 997 4437 lace·
1049 4378 1194 4450 Apostolus
1223 4384 1431 4442 commemorat,
1450 4374 1565 4431 dicens:
1590 4376 1716 4442 erondin
1743 4390 1837 4427 satiatur

211 4467 308 4547 cenans·
315 4475 338 4530 si
354 4477 423 4529 mori
437 4477 625 4530 tantummodo
635 4477 694 4531 sinc
712 4478 912 4531 resurreetione
927 4490 996 4543 pree·
1048 4472 1130 4525 inlice
1140 4469 1245 4533 seculo,
1260 4469 1485 4538 peregi-inaurare
1498 4467 1608 4520 donadac
1624 4466 1665 4537 (ll
1678 4465 1740 4520 Gor.
1756 4481 1784 4528 v,
1796 4466 1836 4534 6).

211 4565 315 4634 ciperet
330 4565 420 4621 borist
439 4566 570 4620 Voluntas
584 4565 644 4637 ejus
658 4565 752 4636 utique
781 4565 838 4620 sola
861 4565 996 4619 sulitceret
1013 4562 1107 4627 nNon
1135 4577 1199 4632 crgo
1221 4562 1299 4617 nobis
1321 4561 1423 4615 luetntn
1443 4560 1524 4614 debet
1546 4560 1667 4614 incutere
1679 4560 1836 4627 quisquam,

210 4662 245 4714 att
261 4658 402 4722 solatium,
419 4658 464 4712 cui
482 4657 584 4711 nullutn
601 4669 765 4726 preponere
775 4655 905 4724 iubentur
933 4654 998 4708 alle-

211 4756 296 4805 ctunr.
308 4747 385 4815 Quod
398 4749 521 4816 dederat,
534 4749 643 4803 abstulit
654 4749 699 4817 qui
713 4755 861 4802 creaverat.
879 4745 944 4812 Qnis
957 4755 999 4800 est

210 4840 258 4910 qui
274 4840 385 4909 plangat
397 4841 470 4909 quod
487 4840 520 4895 ad
540 4850 646 4906 ternpus
675 4840 841 4909 acceperat?
868 4839 998 4894 Contine·

211 4931 335 4998 dancrat,
357 4943 386 4987 nt
413 4933 530 4988 baberes
552 4941 775 5002 quantocumque
803 4941 924 5001 ternpore
952 4945 998 4986 uo·

212 5006 325 5079 luisset}
343 5033 373 5078 ut
391 5039 452 5078 cum
471 5024 562 5090 rellet,
580 5039 689 5078 rursum
704 5022 835 5078 anlcrret.
853 5021 1000 5077 liilailabs·

212 5113 277 5168 tnlit
290 5115 433 5184 tnnnt,qui
446 5112 573 5183 dignatus
586 5122 629 5168 est
643 5113 763 5182 recipere
775 5113 926 5183 proprium.
936 5112 1000 5166 Cre·

214 5206 299 5262 ditum
315 5221 394 5261 suurn
418 5207 540 5275 recipere
557 5205 648 5260 decuit
669 5205 846 5268 creditorem,
871 5215 899 5260 et
929 5204 999 5259 nibil

214 5296 288 5354 aliud
302 5300 391 5362 dccet,
406 5315 486 5367 quarn
498 5298 627 5354 creditori
646 5312 695 5354 suo
712 5298 817 5368 gratias
835 5310 915 5366 agere
942 5311 1000 5349 triti·

216 5399 347 5446 tuantern.
363 5390 471 5446 SieJob
487 5391 612 5461 legimus,
635 5405 714 5459 quarn
741 5403 888 5459 sequamur
919 5389 1001 5442 ‹levu-

217 5482 350 5538 tissiruam
367 5498 481 5540 vocem:
497 5483 636 5550 Dorrrinus,
654 5482 753 5552 iuquit,
772 5480 856 5546 dedit,
873 5478 1001 5533 [lominus

116 5584 119 5589 '
216 5578 344 5636 abstulit:
371 5580 439 5633 aierit
459 5577 572 5634 Domitio
597 5577 761 5646 paterniano
777 5575 951 5644 factumest:
968 5573 1002 5627 rit

219 5686 312 5725 ttamen
338 5670 441 5726 Dnmini
456 5672 618 5727 benedictum
640 5666 714 5740 (lob,
733 5683 752 5733 t,
765 5667 824 5736 al).

256 5762 290 5817 ll.
306 5763 389 5819 Parra
404 5781 468 5834 crgo
481 5781 533 5820 oon
547 5775 605 5821 erat
619 5765 678 5819 haec
689 5761 838 5816 consolatio
854 5769 947 5816 contra
961 5759 1003 5814 lu·

220 5864 305 5920 ctutn,
324 5857 395 5925 qnod
410 5874 487 5914 rrcrrto
507 5858 597 5929 lugere
611 5856 705 5912 debeat
721 5868 781 5908 cunr
798 5852 898 5923 aliquid
915 5853 1003 5907 reddi-

1049 4672 1109 4711 cunt
1126 4671 1139 4708 a
1160 4654 1379 4724 peregrinatione
1391 4651 1483 4706 redire
1496 4651 1627 4705 incruerit
1644 4652 1678 4704 ad
1696 4651 1836 4718 propriam

1050 4747 1197 4818 regionem,
1214 4746 1331 4800 niaxintc
1341 4760 1402 4800 curn
1420 4759 1472 4798 non
1487 4745 1574 4798 irruitis
1588 4751 1616 4797 et
1630 4757 1734 4796 ‚racuns
1748 4742 1838 4796 redire

1050 4847 1188 4902 noscatur,
1208 4837 1253 4904 qni
1271 4830 1493 4890 Christianitatis
1504 4843 1639 4889 mercatus
1651 4842 1694 4886 est
1709 4832 1814 4886 lucrum
1829 4845 1839 4888 ι

1041 4938 1162 4999 'propter
1174 4928 1245 4998 qnod
1258 4928 1400 4982 descendit
1413 4928 1446 4981 ad
1462 4925 1554 4979 rnundi
1570 4927 1778 4979 continereium.
1805 4922 1839 4976 Et

1051 5033 1113 5088 cgo,
1132 5019 1249 5089 inquies,
1264 5017 1338 5072 nulla
1352 5017 1564 5086 promissionum
1579 5013 1732 5070 coeiestinnt
1758 5013 1839 5068 dnbi-

1053 5113 1157 5166 tatione
1183 5111 1342 5171 conturbor.
1357 5110 1406 5166 sed
1421 5109 1478 5165 sola
1490 5109 1665 5176 separatione
1675 5107 1839 5161 dormientis

1052 5214 1181 5269 aestuans,
1196 5205 1334 5260 desolatus
1353 5203 1450 5258 sedatio
1463 5203 1499 5271 pii
1517 5199 1637 5270 pignoris
1649 5200 1749 5270 jactor.

1091 5292 1122 5351 l.
1139 5295 1286 5350 Excusatio
1299 5295 1419 5358 estitec,
1432 5292 1583 5360 benedicte,
1600 5292 1660 5344 sine
1679 5288 1761 5343 dubio
1777 5287 1836 5343 lra-

1054 5387 1169 5459 gililatis
1183 5389 1320 5448 immane,
1338 5401 1398 5455 quae
1413 5385 1580 5456 patrocinari
1596 5398 1649 5436 non
1664 5391 1752 5450 potest
1767 5380 1840 5435 dilst-

1055 5475 1163 5532 dentlae.
1180 5476 1208 5530 Si
1235 5476 1309 5531 cnint
1326 5474 1513 5530 desolationes
1539 5474 1664 5528 burrtines
1687 5472 1759 5526 lerre
1787 5486 1840 5525 tion

1055 5569 1186 5632 valerent,
1202 5583 1338 5637 nunquam
1366 5581 1480 5636 prorsus
1497 5577 1624 5636 parentes
1644 5578 1704 5619 asc
1730 5578 1779 5617 sua
1800 5565 1841 5632 pi·

1054 5676 1139 5732 gnora
1157 5661 1334 5716 dimisissent.
1352 5661 1501 5717 Destittrtos
1515 5656 1760 5714 seareorientibus
1776 5669 1841 5709 con·

1056 5763 1211 5824 queruntur
1236 5767 1286 5810 :ct
1310 5757 1387 5811 uiros
1402 5755 1484 5823 lilios,
1504 5764 1551 5809 ant
1568 5762 1679 5825 propter
1711 5753 1839 5814 lionores,

1056 5856 1102 5902 aut
1117 5857 1229 5917 propter
1250 5847 1356 5916 negotia
1370 5844 1693 5918 peregrinisrcgionibus
1705 5840 1836 5896 credunt:
