4109 6434
211 384 266 448 935
689 371 721 432 S.
741 366 961 431 fltsuouuitt
981 362 1142 424 Ol'EllUbi
1163 360 1367 423 erubuisse.
1780 363 1833 428 epp

210 490 480 566 norrpo¹csuasive
509 487 663 551 credeums.
680 483 805 540 eivenou
824 484 994 544 credamus,
1009 477 1247 557 Asurrectioncm
1266 487 1405 548 negantes,
1422 474 1448 530 in
1477 473 1597 532 Ecclesia
1611 490 1676 533 esse
1705 493 1832 549 nonpos-

210 607 263 646 ιιοιι
275 589 347 643 aliud
364 593 452 656 potest
470 582 598 636 exhibere
616 577 744 646 siugulis,
760 591 842 644 quam
860 571 995 644 promisit.
1048 580 1121 623 ιιιιιι.

209 680 278 747 Quia
297 680 395 731 ueritus
406 683 498 727 comm
518 684 548 724 se
562 685 615 724 ιιοιι
635 667 726 730 laciet,
742 680 776 720 ue
794 678 823 720 se
838 677 939 734 negare
953 663 996 716 ri·
1086 681 1096 716 ι
1110 661 1168 717 Non
1185 661 1274 717 solum
1293 672 1356 746 sum
1372 677 1437 717 rasa
1448 677 1531 716 aurea
1548 673 1576 718 et
1589 672 1754 733 argentea.»
1772 660 1832 716 Pre-

210 774 317 826 deatur.
1050 757 1120 812 tiosa
1134 767 1162 813 et
1176 756 1269 813 lortia.

248 859 333 914 «llaec
363 869 506 912 commone
534 851 684 908 testiiicans
710 861 804 904 coram
830 842 895 898 beo.
911 861 921 895 ι
940 840 996 898 Sub
1084 849 1160 904 «Sed
1172 860 1199 903 et
1211 849 1300 916 lignea
1318 856 1346 903 et
1359 848 1486 904 ductilia·
1507 848 1629 905 ludrnua.

211 951 399 1009 testificatione
412 947 459 1003 liei
477 947 649 1012 constringe.
1093 961 1103 994 ι
1118 940 1152 996 m
1165 945 1289 1011 quedam
1305 941 1413 1011 qrridem
1439 941 1466 997 iu
1483 942 1626 1008 bonorem,
1646 944 1772 1012 queniam
1790 959 1833 1000 su·

171 1034 177 1042 ⁴
248 1063 258 1097 ι
273 1043 332 1098 Noli
345 1040 509 1098 contendere
524 1033 672 1104 uerbis;ad
690 1034 758 1089 nibil
774 1034 847 1089 enirn
861 1033 927 1087 utile
941 1040 996 1096 est,
1049 1044 1103 1088 tem
1126 1035 1152 1089 in
1168 1034 1376 1090 coutumeliam.
1388 1033 1416 1091 Si
1436 1037 1498 1105 qrris
1517 1050 1583 1105 ergo
1600 1050 1631 1090 se
1649 1036 1832 1092 emendaverit

211 1138 261 1191 uisi
274 1138 307 1190 ad
323 1133 530 1190 subversionem
554 1128 733 1184 stillicidium·
750 1120 843 1180 ”Sine
866 1125 996 1179 leslimo·
1048 1129 1082 1182 ab
1095 1127 1165 1192 istis,
1181 1130 1235 1182 erit
1250 1142 1299 1182 uas
1311 1127 1338 1181 iu
1351 1127 1483 1183 honorem
1499 1128 1715 1189 satietibcatum,
1731 1139 1759 1182 et
1775 1129 1832 1182 utils

213 1228 268 1281 niis
288 1225 495 1294 Scripturarum
517 1219 670 1289 lmjuenmdi
684 1217 767 1272 etiarn
787 1214 927 1270 cornemio
943 1229 995 1268 uon
1048 1217 1164 1275 bertuino
1179 1222 1212 1274 ad
1231 1235 1312 1275 omne
1338 1236 1405 1289 opus
1422 1222 1519 1274 bonum
1547 1233 1686 1288 puratum.
1702 1239 1712 1271 ι
1730 1218 1759 1274 Si
1777 1222 1831 1288 que

210 1318 337 1384 edinen,
350 1313 398 1371 seu
411 1311 526 1368 oestron
540 1310 697 1373 aunuente„
711 1317 806 1376 nutam
817 1307 891 1361 enim
904 1305 996 1360 onnia
1048 1327 1078 1367 se
1092 1329 1106 1365 a
1122 1312 1281 1367 erictonius
1299 1311 1435 1367 nurerum
1449 1313 1635 1387 ιιιιιιιιιιι,
1650 1321 1679 1365 u
1692 1311 1832 1367 ιιαιιιιιιι

212 1409 338 1462 arunrine
351 1415 379 1460 et
394 1402 543 1460 subtilitate
555 1400 716 1456 subsistere.
733 1400 818 1456 Sive:
835 1398 896 1454 iloli
909 1398 996 1454 uerbis
1049 1404 1076 1457 in
1088 1405 1316 1458 resurrectionem
1331 1404 1464 1470 loturam,
1481 1402 1617 1472 iudicium
1635 1402 1683 1458 Dei
1693 1418 1745 1474 por
1760 1418 1831 1458 omos

210 1501 332 1565 uincere,
351 1497 398 1552 sed
416 1495 509 1550 iactis.
1048 1508 1117 1561 opus
1130 1494 1231 1548 bonurn
1247 1495 1362 1564 implere
1376 1496 1478 1550 studet.

249 1587 392 1645 «Sollicite
434 1597 525 1641 autern
558 1598 625 1640 cura
653 1595 679 1639 te
706 1599 796 1654 ipsum
827 1584 994 1654 probabilem
1086 1586 1247 1641 «iuvenilia
1267 1598 1357 1641 autem
1386 1586 1637 1660 desitlerialuge.t
1659 1586 1730 1654 Quia
1754 1587 1781 1642 lai
1805 1603 1831 1644 ex

210 1683 341 1737 erluibcrc
356 1681 419 1734 lieo.
435 1697 444 1730 ι
461 1677 531 1731 brute
543 1676 634 1730 omnia
649 1681 699 1731 iroc
714 1675 822 1739 labora,
840 1687 868 1730 ut
879 1675 957 1730 talem
971 1686 998 1729 te
1048 1677 1204 1733 senioribus
1232 1691 1293 1733 esse
1311 1690 1365 1731 noo
1382 1685 1505 1747 possunt,
1522 1677 1545 1732 si
1577 1677 1638 1733 baec
1666 1687 1753 1748 agant
1779 1694 1831 1746 que

211 1775 283 1846 apud
298 1775 381 1828 [lenm
398 1770 539 1834 exhibeas,
553 1783 607 1839 quo
629 1768 727 1824 merito
744 1767 830 1838 possit
847 1767 895 1821 tibi
909 1783 996 1837 popu·
1048 1770 1171 1837 grauitati
1189 1785 1244 1824 nou
1267 1772 1436 1825 conueniunt
1464 1769 1640 1836 Christianae,
1657 1780 1686 1824 et
1703 1787 1719 1823 a
1737 1769 1832 1840 jured-

211 1866 253 1921 lus
269 1861 412 1919 obaudire.
1013 1862 1099 1936 gbus
1115 1862 1271 1928 uincuntur,
1290 1863 1313 1918 si
1329 1862 1447 1916 babeant
1462 1860 1616 1916 lenitatem.

250 1954 429 2024 ‹Operarium
452 1951 681 2007 inconfusibilem.
698 1968 708 2003 t
724 1948 763 2005 lta
778 1951 849 2015 vite,
867 1963 902 2005 ue
921 1948 995 2005 dicte
1086 1970 1096 2003 ι
1112 1954 1225 2007 Sectare
1242 1968 1307 2008 vero
1331 1953 1479 2022 justitium.
1498 1952 1588 2018 lidorii,
1610 1969 1703 2023 spem,
1722 1955 1831 2009 ‹itarita-

212 2046 294 2102 lactis
305 2044 495 2100 deficientibus
509 2046 680 2098 erubescant.

249 2160 259 2193 ι
274 2139 357 2205 liecte
372 2147 531 2192 tractantem
547 2138 659 2193 terbum
678 2135 837 2190 veritatis.»
856 2136 902 2190 ille
921 2144 995 2192 recle

212 2240 320 2297 tractat,
336 2230 382 2300 qui
405 2228 537 2298 exemplis
564 2243 612 2283 sua
641 2229 712 2282 dicta
732 2228 884 2282 conilmrat.
908 2227 997 2282 Orne-

211 2333 333 2377 monturu
347 2321 421 2376 enim
435 2321 506 2386 uite,
524 2319 667 2375 doctrina:
686 2318 886 2373 ilrmameutum
906 2315 995 2383 uerbi,

210 2427 290 2482 opus.

250 2502 392 2558 ‹Prolaua
417 2511 507 2557 autern
525 2511 552 2557 et
580 2502 735 2571 terriloquis
755 2500 858 2556 devita.
883 2500 996 2556 ilulmm

209 2598 283 2654 euim
296 2597 442 2665 proiciunt
453 2595 487 2648 ad
499 2594 676 2665 impietatem.
690 2614 700 2647 ι
715 2592 883 2661 irreligiosas
909 2596 996 2648 baere·

211 2691 329 2744 ticorum
363 2686 480 2750 labulas,
496 2686 543 2754 gui
572 2693 674 2754 negant
694 2686 934 2748 resurrectionem.
948 2698 1012 2752 per·

210 2796 290 2852 ques,
317 2780 409 2846 utique
438 2777 540 2846 judicis
565 2777 662 2832 timere
689 2777 806 2842 sublato,
822 2779 856 2833 ad
888 2793 996 2835 omnem

217 2872 386 2942 impietatem
401 2877 429 2923 et
441 2868 474 2922 ad
491 2877 589 2922 cuncta
602 2867 717 2922 crimina
738 2870 907 2938 pervenitur.

251 2984 260 3017 ι
277 2965 372 3020 Senum
388 2976 484 3018 eorum
508 2970 536 3014 ut
556 2975 655 3015 cancer
672 2961 767 3029 serpit.
781 2980 791 3013 ι
805 2961 911 3017 Cancer
930 2963 997 3019 dici-

211 3067 256 3111 tur
270 3056 377 3127 vulnus,
389 3055 459 3123 qrrod
473 3053 501 3108 in
518 3053 643 3108 marrrillis
657 3054 781 3109 nascitur
811 3055 994 3123 leoninarum,

1048 2054 1114 2099 tetn.
1135 2064 1145 2097 ι
1162 2042 1212 2098 llic
1228 2044 1308 2098 iidem
1323 2044 1507 2112 iutegritatem
1525 2044 1603 2098 dicit.

1086 2153 1095 2186 ι
1109 2134 1142 2189 Ει
1160 2149 1267 2204 pacem.
1283 2153 1293 2188 t
1311 2134 1390 2191 iilam
1403 2148 1509 2203 pacem,
1524 2149 1585 2205 quie
1613 2136 1744 2207 religioni
1759 2139 1830 2194 debs-

1049 2235 1102 2281 tnr.
1527 2272 1529 2280 ,

1086 2317 1168 2372 «Cum
1185 2315 1228 2373 itis
1239 2316 1287 2386 qui
1303 2316 1582 2374 inruemtborninurn
1598 2320 1634 2374 de
1643 2319 1733 2374 corde
1745 2333 1828 2387 pirron

1049 2399 1126 2460 Booti
1139 2408 1237 2462 urendo
1247 2409 1326 2463 eorde
1341 2407 1452 2479 (liutti.
1466 2423 1495 2475 r,
1510 2408 1550 2478 8);
1564 2411 1717 2478 dequibus
1731 2411 1829 2465 dicitur:

1049 2496 1120 2564 Quid
1133 2515 1174 2554 aare
1185 2501 1283 2557 meotis
1308 2500 1403 2570 Deam,
1415 2513 1438 2556 et
1450 2518 1501 2556 non
1514 2501 1606 2572 fecitis
1617 2519 1679 2573 (μαι
1690 2504 1751 2557 dico
1762 2501 1829 2571 (ber.

1049 2605 1088 2657 ur,
1100 2589 1169 2659 emt

1085 2701 1095 2734 ι
1111 2682 1214 2739 Stultas
1223 2694 1312 2741 eutem
1325 2693 1354 2742 et
1371 2686 1431 2742 sine
1448 2686 1591 2758 disciplina
1609 2688 1778 2756 puteolanos
1790 2689 1830 2742 ilo-

1047 2775 1115 2841 riu,
1127 2778 1229 2843 sciens,
1245 2779 1309 2848 quia
1324 2789 1456 2848 generant
1472 2779 1545 2834 lites.
1562 2797 1571 2832 ι
1590 2778 1690 2835 Stultae
1705 2790 1829 2836 orrromet

1048 2871 1108 2924 sine
1127 2870 1269 2942 disciplina
1282 2873 1350 2944 legis
1367 2881 1431 2927 sum
1449 2874 1626 2943 quiestioncs.

1087 2979 1100 3033 p
1116 2960 1229 3018 &rrum
1244 2972 1334 3021 antem
1360 2962 1467 3020 bouum
1490 2982 1542 3020 non
1563 2975 1674 3035 oportet
1688 2967 1825 3038 litigare.»

1048 3052 1150 3112 Seruus
1164 3067 1207 3113 est
1220 3056 1334 3125 Christi,
1353 3058 1473 3127 quinon
1497 3059 1639 3120 clamavit,
1660 3075 1750 3130 neque
1772 3075 1827 3116 eut·

215 3149 260 3204 cui
282 3147 333 3202 nisi
346 3149 401 3201 cito
417 3147 579 3200 subventum
604 3142 698 3209 luerit,
717 3160 777 3201 cum
808 3147 881 3201 uirus
894 3148 927 3202 ad
946 3161 995 3203 cor
1050 3149 1145 3215 tendit,
1161 3163 1251 3218 neque
1264 3150 1367 3203 sortivit
1381 3151 1528 3223 quisquam
1544 3164 1640 3205 rocem
1654 3151 1730 3217 ejus,
1742 3167 1827 3206 serun-

211 3242 345 3313 serpendo
367 3239 533 3310 pervenerit,
547 3237 652 3292 nullum
674 3238 823 3292 remelium
845 3249 898 3296 est.
912 3239 952 3294 lta
968 3251 996 3297 ct
1010 3217 1032 3274 ⁰
1047 3238 1111 3292 dum
1127 3242 1200 3309 quod
1227 3240 1298 3311 boeg
1327 3240 1437 3318 [isaias]
1459 3243 1593 3313 propbeta
1620 3244 1749 3311 prraedixit
1765 3246 1827 3313 imp.

212 3333 400 3388 iuaereticorum
415 3339 480 3385 sum
496 3330 606 3384 uitanda
628 3329 775 3397 colloquia,
796 3345 831 3387 ne
851 3346 996 3403 perantes

216 3424 457 3482 irremediabiliter
474 3421 615 3475 uolucrem
630 3432 747 3476 memes.

249 3531 259 3564 ι
271 3511 309 3566 Ει
324 3511 423 3581 quibus
439 3520 481 3566 est
493 3509 654 3580 llymeuaeus
667 3521 693 3564 et
706 3511 840 3582 Plriietus,
854 3519 901 3587 gui
914 3533 929 3572 a
946 3533 992 3574 ue·

211 3604 293 3658 ritate
309 3602 479 3671 cecideruut.
493 3619 503 3652 a
517 3597 634 3654 Nomina
645 3602 745 3671 signat,
758 3614 787 3658 ut
799 3609 915 3672 nouerit,
927 3625 995 3681 qrros

212 3695 311 3751 debeat
326 3707 492 3763 praecavere.

249 3810 396 3887 allicernes
426 3807 653 3862 resurrectionem
678 3807 733 3879 iam
753 3809 905 3878 iactam,et
931 3816 997 3872 sub·

211 3910 353 3957 uerterunt
376 3897 557 3969 quorumdam
583 3899 672 3956 iidem.
689 3920 699 3956 ι
719 3902 746 3957 ln
772 3903 917 3969 suillumve
931 3922 995 3963 ossa

211 3985 347 4042 vivificata
374 3986 401 4040 in
432 3985 575 4041 Ezecbiele
606 3986 727 4056 israelis,
746 3992 996 4063 interpretabamur

211 4081 244 4133 de
259 4079 416 4149 captivitate
433 4077 559 4144 collecta,
577 4081 657 4149 quasi
682 4085 868 4141 resurrexisse
882 4085 994 4158 (liseria.

212 4186 316 4238 ιιιιιιι,
330 4170 341 4224 l
356 4172 449 4241 sopp).
766 4182 770 4189 '

248 4286 330 4341 «Sed
360 4287 466 4342 lirnium
494 4262 701 4348 lurrrdbmcnium
733 4293 778 4350 liei
810 4306 874 4361 star,
892 4298 995 4355 babens

210 4377 377 4446 signaculum
399 4378 483 4433 boc.»
504 4377 532 4434 ln
548 4396 664 4451 qrromm
692 4386 779 4440 corde
807 4387 873 4443 [ides
892 4387 994 4448 Christi

210 4480 269 4524 erat
283 4469 404 4538 inundata,
422 4487 475 4526 nou
491 4482 556 4528 suut
587 4477 705 4540 seducti,
721 4479 762 4532 rel
787 4481 852 4534 rnori
867 4497 874 4537 ι
890 4493 917 4537 et
945 4484 996 4539 boc

210 4564 273 4632 (guis
293 4564 338 4618 lici
367 4577 461 4620 esseut
494 4567 623 4624 babentes
648 4571 791 4640 judicium,
810 4578 881 4632 sicut
910 4558 1035 4651 stomin

210 4655 409 4724 temporeluli,
427 4657 456 4710 iu
474 4671 528 4725 nuo
548 4656 654 4714 liatltan
684 4672 711 4718 et
739 4665 843 4722 Abirou
870 4672 993 4727 subversi

210 4753 275 4799 sum
291 4759 299 4798 ι
313 4759 366 4799 non
393 4746 472 4800 sinml
491 4762 552 4801 cum
571 4750 661 4821 impiis
689 4756 841 4822 perierunt,
856 4760 911 4814 lico
934 4763 994 4818 illus

209 4848 270 4888 esse
283 4835 401 4903 optimos
415 4850 609 4908 cognoscente,
627 4851 657 4897 ut
673 4845 700 4899 iu
726 4843 837 4904 Nunrcri
861 4853 995 4924 scriptum

209 4935 251 4982 esi
265 4927 334 4982 libro
351 4927 447 4998 (Noua.
462 4945 519 4996 xer,
533 4933 641 5005 st-ss).

247 5041 403 5112 «Cognovit
424 5043 555 5102 Dominus
572 5047 618 5117 qui
641 5059 706 5105 sunt
730 5051 789 5122 ejus
804 5073 810 5110 :
828 5065 856 5111 et
875 5057 995 5115 discedet

209 5136 243 5189 ab
260 5137 408 5207 iniquitate
425 5139 515 5193 omnis
530 5141 577 5210 qui
601 5143 711 5200 inuocat
726 5161 824 5204 nomen
847 5151 964 5207 bomini.
981 5172 992 5208 ι

210 5225 244 5282 Ut
260 5228 325 5283 Sion
340 5228 421 5284 simul
433 5240 529 5299 pereat
545 5248 607 5287 cum
627 5235 738 5305 iuiqruis.

246 5359 255 5392 ι
270 5341 299 5396 ln
314 5357 410 5410 magna
424 5352 514 5399 eutem
531 5346 620 5400 domo.
637 5365 647 5400 ι
664 5349 786 5422 ilagnam
803 5353 925 5421 domum,
938 5370 992 5414 non

209 5433 358 5488 Ecclesiam
371 5435 447 5503 dicit,
466 5439 616 5508 mquidem
634 5450 741 5511 putant,
758 5459 819 5514 que
834 5461 888 5503 ιιοιι
911 5448 994 5506 babet

207 5526 342 5581 uinculum
358 5543 447 5598 neque
463 5546 569 5602 rugam,
583 5536 631 5589 sed
647 5536 790 5592 mundum.
803 5536 882 5595 Unde
895 5541 933 5595 ait
943 5540 992 5598 ie-

207 5619 307 5672 remias
320 5620 388 5689 iimo
403 5620 519 5686 bernolt,
538 5639 580 5685 tu,
594 5626 639 5694 ii)
657 5644 664 5681 t
691 5626 825 5694 Olsroei,
841 5648 920 5701 poem
937 5651 993 5689 nro·

205 5724 257 5778 prro
273 5718 311 5762 eat
340 5711 434 5763 domur
448 5710 576 5770 Domini!
590 5727 615 5770 et
631 5727 739 5773 caetera.
756 5717 784 5772 ln
800 5735 860 5787 quae
874 5735 937 5777 sum
953 5726 992 5779 si·

207 5800 286 5854 sautia
304 5801 385 5857 mista
411 5817 470 5857 cum
485 5806 577 5862 tritico
591 5806 699 5878 illottir.
717 5825 776 5877 ιιιι,
793 5812 857 5881 iili:
872 5829 932 5870 uam
949 5831 991 5872 rc·

1047 3347 1113 3398 stit,
1133 3348 1201 3387 serr.
1215 3334 1255 3403 2).

1086 3443 1095 3476 ι
1111 3423 1163 3481 Sed
1177 3439 1346 3483 rnarrmemm
1360 3443 1421 3486 esse
1434 3427 1468 3485 ad
1483 3443 1591 3485 ornnes.
1602 3449 1612 3483 a
1623 3428 1684 3486 Non
1700 3432 1785 3487 sitium
1797 3430 1825 3485 sd

1047 3530 1164 3573 amicos.

1088 3611 1274 3675 allocibllem,
1301 3614 1460 3682 psiletrtem,
1493 3630 1555 3671 eum
1582 3618 1721 3672 ttrodestia
1749 3616 1827 3674 corri-

1049 3702 1167 3771 pientem
1183 3717 1230 3757 eos
1244 3695 1294 3772 qui
1306 3704 1436 3759 resistunt
1451 3703 1574 3760 ueritati.
1591 3705 1720 3763 a0ruues
1731 3722 1827 3776 serttper

1048 3795 1147 3848 docere
1172 3795 1317 3863 patienter,
1339 3811 1394 3851 non
1411 3796 1438 3850 io
1455 3795 1558 3863 lurore,
1572 3798 1620 3851 sed
1639 3813 1708 3853 cum
1746 3800 1827 3853 mode·

1047 3897 1110 3938 stra.
1584 3936 1587 3940 .

1086 3993 1095 4026 ι
1108 3974 1147 4031 ile
1170 3981 1281 4048 quarrdo
1307 3979 1352 4035 det
1382 3979 1436 4036 iilis
1449 3981 1519 4036 Deus
1530 3981 1727 4053 poeniteutiam
1744 3981 1778 4037 ad
1789 3997 1828 4036 en·

1047 4071 1227 4143 gunscendam
1242 4072 1395 4138 veritatem,
1412 4082 1440 4127 et
1456 4075 1653 4144 resipiscente
1675 4073 1775 4129 diaboli
1791 4075 1825 4126 la·

1047 4163 1136 4230 queis,
1152 4176 1167 4214 a
1182 4176 1237 4229 qno
1251 4163 1351 4232 caprini
1384 4176 1513 4220 tenentur
1529 4165 1562 4218 ad
1592 4165 1684 4234 ipsius
1711 4166 1829 4222 uolunta·

1049 4261 1139 4309 tem.»
1157 4254 1215 4311 uon
1233 4257 1268 4312 de
1289 4258 1336 4312 Dei
1364 4259 1487 4314 bonitate
1503 4259 1621 4326 dubitat,
1638 4262 1690 4318 sed
1715 4263 1749 4318 de
1763 4263 1830 4317 acci·

1049 4346 1334 4418 pientiumpraritate.
1344 4349 1718 4423 betiliieliensperpetuam,
1733 4357 1829 4417 mitem,

1048 4442 1229 4513 blandamque
1264 4446 1481 4513 correptionem,
1513 4456 1543 4499 ut
1589 4459 1704 4517 occepta
1734 4451 1831 4505 ntiotre

1050 4534 1218 4602 resipiscant.
1240 4534 1327 4589 Simul
1342 4547 1370 4589 et
1379 4546 1473 4591 cumra
1488 4535 1656 4596 Norstianos
1669 4541 1830 4607 poeniteutie

1047 4637 1201 4696 negatores,
1217 4628 1264 4696 qui
1292 4627 1434 4682 baereticos
1461 4638 1611 4686 conuersos
1640 4645 1752 4688 reusam
1782 4647 1828 4687 una

1047 4733 1126 4787 posse
1139 4718 1438 4790 solisequiperluibent.
1746 4715 1749 4720 ’

1346 4875 1461 4933 cubui
1486 4875 1529 4932 lii.

1084 4989 1166 5044 illoc
1192 4999 1283 5044 autem
1309 4992 1464 5061 scito,rpria
1491 4991 1519 5046 in
1543 4994 1706 5052 norisums
1735 5000 1825 5055 diebus

1046 5081 1185 5137 instabunt
1205 5091 1329 5151 tempora
1356 5084 1544 5154 periculosa.»
1560 5084 1621 5141 Nou
1652 5091 1693 5145 sit
1716 5092 1765 5146 tibi
1784 5095 1831 5148 rui·

1047 5186 1117 5236 rum,
1133 5172 1204 5239 quod
1218 5173 1341 5240 qnotidie
1352 5173 1444 5241 pejora
1458 5175 1582 5232 veniunt.

1085 5282 1094 5316 ι
1115 5263 1146 5318 Et
1162 5273 1244 5318 erunt
1259 5263 1384 5321 homiues
1403 5265 1510 5338 seipsos
1522 5280 1661 5328 amantes.
1685 5293 1696 5328 ι
1712 5274 1772 5333 lion
1785 5275 1828 5333 bat

1044 5355 1170 5426 gloriam,
1184 5356 1233 5411 scd
1246 5371 1294 5412 sua
1311 5370 1473 5431 quaerentes.

1083 5445 1217 5516 «cupidi,
1246 5447 1351 5504 elati.»
1378 5449 1461 5507 brari
1498 5463 1528 5510 et
1555 5454 1582 5510 in
1613 5459 1826 5530 arautiajaeu:

1044 5537 1139 5592 bundi.

1083 5645 1093 5679 r
1116 5629 1243 5700 Superbi,
1270 5632 1433 5702 blasphemi.
1456 5654 1466 5690 ι
1501 5636 1570 5693 Cum
1599 5640 1691 5697 nolint
1716 5643 1825 5708 discere,

1045 5722 1194 5779 doctrinam
1209 5737 1350 5797 usurpant.

1083 5835 1092 5869 ι
1111 5816 1272 5875 Parentibus
1304 5838 1358 5877 uon
1375 5825 1547 5894 obedimus,
1578 5829 1694 5902 ingrati,
1713 5834 1824 5901 scelesti,
