4109 6434
230 392 284 456 'lli
600 428 608 439 „
712 405 742 467 S,
764 396 985 462 talehuht'btt
1008 395 1168 455 uruttbh
1190 393 1395 455 blithttssh.
1434 433 1437 438 -
1807 399 1865 463 'tib

232 509 309 564 truilos
334 508 598 577 luissetntts.sQuia
634 529 687 569 tton
715 525 759 570 est
791 527 889 583 passus
914 507 1184 581 paucospterntur
1214 508 1241 562 in
1270 509 1863 583 recuratis«ignorantesenitrrjustitiam

228 597 319 667 justos
335 602 424 667 perire
450 614 510 652 curn
537 601 709 657 trttrltitudine
734 602 877 671 itnpiortnu
904 601 932 654 in
951 597 1015 662 tide.

231 690 285 743 taisi
299 705 391 743 senten
409 689 544 744 hbrahtnn
558 692 682 748 Christus
698 693 795 748 inisset
807 693 911 748 missus
923 691 956 746 ad
971 706 1017 761 po·

189 819 194 835 .
230 782 322 849 pulurn
339 781 519 844 liberatnhnn.
538 785 583 852 qui
603 785 764 841 corruisset.

268 892 277 924 t
301 872 370 937 Qrtltl
393 888 457 942 crgo
485 876 616 939 dicemus,
642 878 714 945 tptrod
741 887 847 946 gentes,
875 893 937 946 quae
963 891 1015 931 non

228 965 405 1018 sectabantur
419 965 563 1035 jnstitiant,
582 969 821 1037 apprehenderunt
837 969 969 1038 justitiam
980 970 1013 1023 ir

230 1056 257 1109 Si
274 1057 414 1125 superiora
426 1073 457 1111 es
474 1073 590 1127 persona
605 1060 727 1128 Apostoli
741 1062 880 1127 dicuntur,
903 1063 947 1116 hie
963 1062 1015 1118 sihi

228 1149 333 1202 iterum·
346 1152 470 1219 proponit
488 1166 495 1207 :
514 1152 577 1221 qnia
597 1163 721 1221 poterant
744 1155 880 1220 dioecesi
905 1162 1018 1210 nonest

229 1241 276 1302 ita,
291 1248 320 1292 nt
333 1240 461 1308 diciutus,
474 1244 537 1312 quia
551 1256 658 1300 nonest
675 1247 791 1303 uolentis
805 1264 891 1317 neque
901 1263 1016 1304 curren-

228 1330 263 1382 tis
279 1347 286 1383 ε
300 1335 436 1397 nuontodo
458 1347 553 1404 gentes
578 1337 740 1392 inverterunt
758 1338 905 1407 justitiam,
933 1354 1014 1409 uttam

227 1437 366 1490 rtunrpmnr
388 1433 468 1478 antea
495 1427 665 1494 quaesierunt
678 1429 690 1482 ‘l
704 1430 787 1484 lsrael
811 1445 875 1486 uero
890 1447 1016 1500 quaerens

227 1527 336 1578 semper
356 1515 502 1583 justitient,
531 1533 584 1573 non
610 1521 698 1587 potuit
733 1521 879 1577 inveniret
904 1522 933 1578 Si
952 1536 1016 1576 roro

229 1615 300 1660 totus
317 1606 441 1676 superior
456 1623 554 1665 sensus
573 1612 824 1668 contradicentibus
841 1614 1013 1684 applicatur:

226 1698 271 1752 bie
288 1702 435 1768 respondet
462 1701 622 1770 dpostolns,
654 1715 681 1760 et
710 1706 829 1760 breuiter
856 1706 1016 1776 recapitulat

227 1791 417 1859 questionem,
443 1793 537 1848 dicens
554 1811 562 1847 :
579 1795 650 1860 Quid
680 1811 744 1868 ergo
767 1798 888 1854 ditemus
913 1800 947 1854 ad
971 1812 1014 1863 ea,

1068 595 1116 651 Dei
1134 607 1161 651 et
1189 612 1265 652 suurn
1281 609 1434 668 querentes
1449 611 1570 656 statuere
1589 602 1722 669 :iustitiae
1733 603 1783 659 liei
1807 621 1863 662 noo

1068 696 1131 742 sunt
1143 687 1274 759 subjecti,
1291 707 1301 742 r
1321 689 1482 760 ignorantes
1497 695 1568 761 quod
1594 695 1664 750 heus
1682 710 1718 751 cx
1734 697 1793 752 sola
1806 697 1864 754 ilde

1067 779 1199 850 justitirat
1213 794 1220 834 :
1235 791 1262 835 ει
1272 781 1363 851 justos
1377 797 1407 837 se
1423 797 1456 838 et
1472 783 1538 854 legis
1550 786 1688 855 operibus,
1705 803 1791 858 quam
1806 804 1862 844 noa

1068 871 1268 936 custodierunt,
1300 887 1361 927 csse
1383 884 1520 942 putantes,
1548 876 1692 932 uoluerunt
1716 894 1745 934 se
1761 881 1865 936 restris·
1929 920 1931 925 .

1069 964 1139 1018 siorn
1155 963 1292 1032 subjicere
1317 976 1501 1031 peccatorum,
1534 982 1567 1020 ne
1592 978 1749 1036 peccatores
1772 968 1865 1027 luisse

1069 1055 1238 1121 riderentur,
1266 1056 1336 1109 sicut
1367 1058 1498 1124 scriptum
1528 1068 1588 1124 est;
1618 1059 1749 1117 Pharisaei
1768 1072 1864 1118 autem

1069 1157 1231 1216 spernentes
1244 1147 1388 1201 eousiliurn
1412 1147 1460 1202 liei
1483 1150 1508 1202 iu
1527 1153 1693 1221 serrastipsis,
1710 1154 1864 1210 noluerunt

1067 1238 1201 1308 baptizari
1226 1238 1362 1308 baptismo
1391 1238 1513 1295 loannis.
1545 1242 1612 1296 ltetn
1638 1247 1702 1313 quia
1720 1247 1864 1301 sacrificia

1068 1327 1146 1397 legis,
1164 1337 1191 1382 et
1204 1337 1314 1393 caetera,
1332 1343 1391 1397 quae
1418 1329 1515 1384 orithia
1540 1341 1620 1386 eraut
1645 1333 1867 1405 recitatisque

1068 1432 1117 1487 per
1127 1416 1265 1472 Christum
1290 1418 1383 1487 perlici
1411 1419 1561 1487 habebant,
1585 1425 1729 1489 prasentia
1758 1427 1865 1481 Christi

1070 1516 1274 1561 cessaverunt:
1295 1507 1337 1561 cui
1365 1508 1476 1564 credere
1507 1511 1662 1567 noluerunt.
1695 1513 1771 1570 Beue
1795 1517 1869 1573 dicit

1067 1596 1227 1667 Apostolus,
1241 1599 1376 1669 iustitiam
1394 1614 1485 1667 suam,
1506 1603 1570 1671 quia
1587 1601 1643 1672 iant
1661 1620 1715 1661 raon
1731 1606 1781 1662 Dei
1806 1618 1864 1675 est,

1066 1692 1113 1745 sed
1129 1690 1258 1758 ipsorum.

1106 1780 1204 1837 ‹Fieris
1231 1781 1303 1835 eninr
1324 1781 1391 1853 legis
1407 1783 1542 1854 Christus,
1558 1787 1592 1842 ad
1614 1787 1752 1858 justitiam
1778 1796 1859 1854 omni

226 1897 287 1950 ,μω
304 1882 383 1938 „opas
413 1884 519 1955 objecta
545 1896 619 1955 sum,
637 1888 691 1944 ,ὼε
716 1889 777 1958 quia
803 1899 899 1959 gemes
912 1898 1014 1947 wem
1030 1893 1052 1952 Β
1067 1874 1200 1926 credenti.
1216 1892 1235 1958 ιΙ
1246 1871 1320 1928 Talis
1333 1886 1374 1930 ost
1390 1874 1446 1940 ille,
1465 1878 1510 1946 qui
1523 1878 1658 1935 Christum
1671 1883 1800 1950 credidit,
1814 1886 1865 1942 die

228 1975 402 2030 crediderunt
423 1992 430 2029 ε
446 1987 472 2032 ει
487 1977 524 2031 illi
540 1981 652 2034 credere
663 1981 825 2036 noluerunt?

266 2067 435 2123 ‹lustitiant
458 2080 559 2132 autern,
585 2086 645 2142 tpuae
675 2088 709 2128 es
741 2074 794 2128 bue
816 2083 871 2131 est.
900 2093 910 2127 t
941 2075 1012 2144 Quia

223 2157 329 2228 justitia
345 2175 376 2214 ex
391 2160 444 2216 tide
457 2171 510 2227 est,
531 2163 573 2216 eui
590 2163 627 2216 illi
642 2165 754 2221 credere
770 2165 923 2222 noluerunt.

261 2270 272 2303 r
294 2250 377 2306 lsrael
402 2267 467 2307 vero
484 2254 614 2310 sectando
636 2256 721 2326 legem
744 2257 869 2326 justitiae,
887 2259 1013 2330 integens

222 2343 333 2411 lustitiae
361 2359 413 2399 non
445 2346 578 2415 peruenit.
605 2346 713 2414 Qtrarei
743 2349 811 2415 Quia
827 2367 881 2406 non
901 2366 933 2408 ea
949 2355 1012 2421 litis,

224 2437 272 2490 sed
289 2437 366 2505 qnasi
382 2437 567 2505 exoperibus.
589 2456 598 2489 r
616 2438 713 2495 lleddit
728 2457 837 2509 causas,
858 2459 943 2512 quaro
958 2461 1012 2501 uon

224 2526 524 2595 itaterrcrintp'ustitiam
544 2528 628 2597 :quia
659 2527 727 2584 salso
752 2531 777 2585 in
806 2533 935 2602 oporibus
954 2537 1013 2608 glo·

225 2619 298 2683 riuti,
315 2619 426 2674 erodere
454 2619 609 2684 uoluerunt,
635 2622 713 2691 quasi
739 2621 875 2692 justitiam
896 2629 1011 2697 gratiam

223 2719 393 2776 reputantes,
412 2711 505 2765 tliccns
521 2713 668 2778 :quoniam
684 2713 797 2783 populus
810 2715 965 2773 ludaeorurn
978 2737 1011 2776 ea

223 2801 351 2870 operibus
368 2800 587 2871 tegtsjonibeart
610 2816 640 2857 se
664 2813 774 2873 putans,
788 2805 814 2860 in
829 2806 914 2876 legent
927 2809 1012 2879 justi·

224 2884 277 2952 tiae,
292 2887 317 2938 id
332 2895 383 2954 est,
397 2890 430 2942 ad
447 2887 524 2943 bdenr
543 2888 644 2946 Christi
670 2891 839 2963 dedignando
859 2911 912 2952 nou
923 2901 1011 2968 potuit

161 2957 171 2976 ’
223 2979 379 3045 pertenire.

260 3088 270 3121 r
294 3071 468 3128 0tlendernnt
483 3073 555 3151 enim
571 3074 600 3130 in
622 3074 736 3148 lapidem
752 3079 921 3148 offensionis,
940 3081 1010 3138 sieut

222 3164 439 3232 scriptumest:
462 3165 532 3222 Eece
561 3183 632 3238 pono
658 3171 684 3224 in
708 3168 772 3228 Sion
791 3172 907 3244 lapidem
924 3175 1009 3231 offen-

221 3258 316 3324 sionis,
345 3268 371 3313 ει
400 3269 504 3327 petram
537 3263 667 3317 scandali.
686 3281 696 3317 ι
716 3264 768 3332 Qui
795 3234 1047 3338 ridetlapidem‚c

222 3367 274 3406 nou
295 3348 407 3405 offendit
424 3364 431 3402 :
448 3352 494 3421 qui
509 3360 599 3409 autem
614 3370 703 3413 cecus
719 3366 771 3423 est,
783 3359 920 3431 impingit.
931 3363 1008 3429 Quod

220 3441 458 3510 corrrigitlndaeis,
485 3459 555 3514 nuos
580 3461 630 3501 sua
661 3448 764 3504 otalitia
789 3455 937 3510 excaecarit
958 3473 965 3510 ε
984 3465 1011 3512 ει

219 3530 362 3586 Christum
392 3548 446 3587 nou
474 3547 653 3605 agnoscentes
681 3540 886 3598 crucifixerunt.
915 3545 1010 3604 Sedet

219 3621 324 3677 idcirco
345 3622 415 3692 lapis
442 3624 608 3696 offensionis,
637 3639 664 3684 ει
690 3642 766 3700 petra
787 3636 922 3702 scandali,
940 3653 1010 3707 prte-

220 3710 309 3765 dietus
320 3721 362 3767 est
374 3713 500 3770 Christus
514 3729 521 3769 τ
541 3717 606 3787 quia
625 3719 700 3773 ttrulti
713 3721 740 3774 in
756 3724 898 3779 nativitate
912 3725 971 3796 ejns
982 3736 1009 3781 et

163 3854 166 3859 ,
219 3803 347 3867 passione
365 3807 526 3861 scandalum
541 3809 693 3877 patiuntur,
707 3813 778 3868 sicut
794 3815 925 3885 seriptum
943 3827 984 3873 est
1001 3835 1008 3871 r

220 3891 290 3957 Quia
305 3896 562 3952 scandalizabantur
586 3903 614 3955 in
629 3917 659 3955 eo
671 3901 771 3971 (More.
785 3922 825 3973 ut,
836 3906 876 3978 3).
891 3908 923 3963 bt
936 3911 1010 3980 Apo·

218 3985 305 4040 stolus
321 3987 369 4053 ait,
383 3987 521 4044 Christum
537 3994 705 4063 crucifixum,
720 3996 824 4053 ledeia
840 4002 1008 4071 scandalunt,

217 4079 337 4146 erratibus
355 4082 495 4134 stultitiam
511 4098 520 4136 .·
536 4086 601 4152 ipsis
618 4101 678 4141 uero
695 4093 802 4155 sorotis,
814 4090 949 4148 Christum
961 4095 1010 4150 Dei

217 4173 339 4226 cirttttent
356 4183 380 4226 et
399 4172 446 4228 Dei
462 4177 621 4244 sapientiora
633 4178 660 4251 ll
675 4180 737 4236 Cor.
756 4199 777 4248 r,
797 4184 843 4252 23,
854 4186 913 4255 hl).
933 4187 1009 4245 Unde

218 4273 245 4316 et
257 4263 301 4316 bie
316 4265 439 4329 sequitur
456 4281 463 4318 ι
480 4265 530 4332 Qui
545 4270 634 4324 credit
649 4272 676 4326 in
692 4288 735 4340 eo,
748 4290 800 4330 uon
814 4276 1006 4336 cottluntlotur.

218 4351 315 4407 Petrus
332 4367 439 4424 quoque
455 4356 531 4426 dicit,
545 4360 617 4428 quod
633 4362 807 4420 credentibus
821 4364 890 4436 lapis
905 4368 1009 4426 electus

217 4442 253 4496 sit
278 4441 417 4511 angularis
436 4462 443 4498 t
462 4445 610 4503 incredulis
627 4463 690 4504 tero
703 4451 871 4508 ossensionis.

1066 1981 1119 2037 qua
1144 1966 1271 2034 eredidit,
1284 1968 1371 2035 qualis
1397 1969 1453 2037 ille,
1466 1971 1511 2041 qui
1538 1974 1692 2030 uniuersam
1704 1976 1792 2048 legem
1810 1979 1866 2033 int·

1068 2061 1164 2130 pletis.
1765 2144 1772 2153 .

1104 2173 1113 2206 r
1129 2154 1236 2226 hloyses
1250 2158 1322 2211 enlm
1339 2155 1447 2227 scripsit
1465 2173 1473 2213 a
1489 2160 1620 2228 quoniam
1632 2161 1780 2231 justitiam,
1794 2181 1861 2236 quae

1064 2244 1177 2315 exlege
1199 2253 1278 2299 est.»
1313 2244 1421 2314 llopses
1447 2245 1573 2301 distinxit
1593 2248 1619 2302 in
1636 2249 1759 2305 Leuitico
1786 2254 1863 2307 inter

1065 2345 1210 2407 utramque
1221 2337 1370 2407 justitient,
1408 2339 1468 2394 hdei
1485 2340 1591 2395 scilicet
1612 2352 1692 2411 atque
1707 2341 1860 2412 laetorum,

1066 2430 1137 2498 quod
1153 2431 1239 2484 altera
1262 2431 1401 2500 operibus,
1428 2433 1514 2486 altera
1529 2432 1595 2509 sola·
1608 2434 1670 2488 lidei
1691 2435 1863 2492 credulitate

1064 2520 1211 2576 accedente
1237 2522 1293 2575 hat.
1319 2521 1385 2576 hen
1408 2523 1556 2590 Apostolus
1578 2526 1725 2582 ostendere
1758 2530 1860 2584 voleus

1064 2611 1248 2666 differentiam
1281 2613 1396 2682 justitiae
1419 2615 1486 2683 legis
1507 2630 1539 2670 ae
1558 2615 1633 2682 hdei,
1659 2625 1757 2674 testem
1777 2631 1864 2679 rocas

1063 2702 1187 2774 Moysen.
1219 2702 1444 2759 ltcnttlueentcut
1470 2707 1503 2761 tle
1528 2707 1639 2776 justitia
1653 2710 1746 2781 legis:
1774 2715 1860 2781 tQui

1064 2793 1157 2849 lecerit
1177 2796 1269 2863 ltoruo,
1285 2796 1357 2850 uitet
1369 2798 1396 2851 in
1413 2813 1455 2852 ea.
1470 2817 1478 2848 r
1495 2799 1649 2870 Dejustitia
1665 2814 1759 2860 autem
1772 2804 1859 2877 littei:

1065 2886 1129 2941 ιΝε
1144 2889 1230 2954 dicas,
1244 2890 1343 2956 iuquit.
1361 2888 1388 2942 iu
1409 2894 1492 2945 corde
1510 2900 1555 2946 tuo
1573 2909 1580 2946 ι
1597 2895 1663 2959 Quis
1680 2899 1814 2952 ascendet
1831 2901 1860 2953 iu

1062 2980 1209 3033 toelurnlt
1239 2981 1289 3036 hoe
1309 2992 1361 3047 cst,
1382 2997 1415 3037 ne
1438 2985 1546 3040 dubites
1571 2987 1684 3044 credere
1710 2993 1858 3060 maritate,

1061 3074 1135 3142 quod
1148 3071 1272 3126 loturum
1288 3084 1330 3128 est
1344 3076 1510 3133 annuntiare
1520 3079 1672 3149 Christum,
1688 3082 1737 3152 qui
1755 3095 1859 3141 teutu-

1062 3176 1110 3217 rus
1123 3172 1165 3216 est
1180 3163 1246 3218 dare
1259 3165 1307 3218 tibi
1320 3165 1456 3235 justitiam
1471 3185 1505 3223 et
1521 3172 1584 3225 tide.

1100 3253 1176 3320 «Qui
1194 3255 1290 3310 lecerit
1316 3259 1410 3324 bostro,
1434 3260 1505 3314 riret
1522 3260 1549 3314 iu
1573 3276 1643 3319 ea.»
1673 3261 1763 3323 Nemo
1779 3270 1856 3325 cuir!

1062 3344 1169 3401 illorunr
1195 3345 1272 3411 risit,
1298 3347 1361 3416 quia
1375 3349 1402 3403 in
1420 3348 1472 3405 hoc
1492 3360 1614 3422 tempore
1628 3370 1709 3411 neruo
1732 3360 1854 3427 persecu

1061 3430 1149 3500 legero
1163 3432 1222 3488 sine
1239 3434 1370 3493 Christo:
1397 3439 1460 3507 qnia
1479 3451 1507 3494 ει
1525 3442 1577 3497 boe
1590 3446 1656 3514 legis
1675 3456 1730 3513 est,
1758 3460 1790 3504 ut
1802 3450 1855 3522 ipsi

1061 3524 1198 3579 credatur.
1230 3525 1344 3592 butten
1377 3544 1411 3584 ea
1435 3532 1486 3588 boe
1513 3534 1574 3590 loco
1603 3547 1702 3606 putant
1729 3539 1854 3609 iudaea,

1060 3629 1221 3690 presentem
1250 3631 1355 3679 tantum
1384 3627 1467 3681 ritarn
1495 3643 1528 3683 ex
1555 3629 1622 3701 legis
1647 3636 1781 3704 operibus
1798 3652 1854 3695 ute-

1062 3713 1162 3781 ruisse,
1183 3717 1253 3783 quod
1272 3731 1366 3771 rernm
1384 3733 1437 3773 nou
1461 3736 1523 3777 esse
1537 3719 1646 3779 Dourini
1659 3729 1744 3784 rerba
1762 3730 1852 3788 decla·

1063 3814 1149 3861 raut:
1170 3807 1229 3876 qui,
1253 3807 1287 3864 de
1313 3810 1366 3863 rita
1382 3811 1567 3882 iuterrogatus
1583 3828 1699 3887 aeterua,
1720 3828 1851 3880 mandata

1061 3898 1128 3970 legis
1142 3900 1252 3969 opponit
1266 3903 1359 3957 dicens
1376 3919 1384 3957 t
1416 3903 1447 3961 Si
1463 3908 1501 3961 tta
1519 3910 1548 3963 in
1566 3910 1649 3965 ritem
1662 3917 1761 3981 restire.
1775 3934 1851 3982 aerea

1061 3992 1186 4045 mundato
1200 3990 1310 4061 (Metto.
1326 4010 1382 4060 ata,
1398 3999 1455 4068 ll).
1473 3997 1551 4056 llude
1566 4003 1759 4076 intelligimus,
1778 4013 1850 4083 quad

1059 4084 1106 4153 qui
1133 4098 1184 4139 suo
1208 4092 1330 4155 tempore
1358 4087 1444 4159 legem
1473 4095 1603 4162 seruauit,
1637 4098 1725 4155 uitam
1754 4101 1852 4162 habuit

1059 4186 1201 4232 aternam.

1098 4268 1188 4336 «Qua
1201 4282 1291 4330 autctn
1310 4290 1343 4330 ea
1361 4276 1413 4333 tide
1435 4286 1478 4334 est
1492 4279 1611 4352 justitia,
1631 4284 1672 4341 sie
1687 4286 1781 4346 dicit:
1809 4289 1856 4348 lle

1060 4362 1161 4420 dixeris
1177 4366 1203 4421 in
1218 4370 1300 4424 corde
1317 4377 1397 4426 tuo.»
1417 4371 1582 4444 lllequidem
1599 4381 1752 4437 secuttdum
1765 4383 1871 4442 histo-

1059 4456 1128 4511 riam
1156 4462 1188 4513 de
1206 4459 1332 4533 legeboc
1349 4465 1433 4532 dirit;
1463 4469 1511 4522 sed
1536 4470 1683 4540 Apostolus
1718 4477 1787 4534 illud
1816 4482 1920 4535 at-

255 4549 265 4584 r
289 4533 320 4588 lit
333 4536 422 4592 orttuis
435 4537 483 4608 qni
496 4539 582 4593 credit
594 4540 620 4593 iu
637 4555 710 4607 eunt,
726 4558 777 4599 nou
794 4545 1002 4604 cortlundctur.r
1019 4544 1197 4630 „Christum
1214 4563 1309 4623 aptat;
1332 4557 1395 4625 quia
1412 4557 1455 4613 lea
1469 4575 1520 4616 nee
1536 4563 1562 4617 in
1583 4566 1653 4621 coelo
1669 4567 1735 4637 tort,
1755 4586 1809 4630 uec
1820 4575 1930 4630 ir-

216 4619 275 4678 lion
288 4623 400 4682 lustaus
414 4628 499 4695 solus,
515 4631 561 4684 sed
583 4645 678 4687 ornnes
691 4635 834 4692 credentes
851 4637 877 4692 io
889 4653 933 4707 eo,
951 4655 1003 4696 uon
1060 4639 1169 4709 abysso.
1195 4642 1257 4699 Siue
1270 4647 1332 4701 ideo
1348 4648 1413 4703 illud
1428 4666 1537 4722 settrper
1549 4653 1627 4723 jubet
1640 4659 1684 4714 lex
1705 4667 1937 4734 meditari&

217 4716 419 4774 confundentur
434 4723 468 4774 de
482 4722 606 4791 pristinis
621 4725 746 4782 delectis.

521 4881 638 4939 CAPUT
667 4883 700 4939 x.

252 5009 263 5043 r
285 4991 415 5049 Fratres:
437 4993 569 5052 Voluntas
593 4998 701 5069 qttident
720 5002 811 5059 cordis
827 5004 892 5074 mei,
910 5014 938 5061 ct
952 5007 1003 5063 oh·

215 5085 333 5140 serratio
347 5086 381 5141 ad
398 5085 483 5141 Deum
501 5088 530 5142 tlt
543 5105 593 5160 pro
609 5092 662 5148 illis
682 5092 711 5148 iu
728 5095 855 5153 salutem.
878 5114 888 5150 t
906 5097 956 5155 llic
973 5115 1003 5157 se

214 5177 340 5244 asternht,
358 5194 412 5235 nou
425 5181 490 5246 solis
507 5181 601 5252 labiis,
627 5187 675 5242 scd
698 5197 726 5242 ει
743 5189 826 5244 corde
841 5205 889 5260 pro
909 5192 1001 5249 inimi·

211 5278 252 5319 ets
269 5281 359 5322 orare.

249 5374 258 5407 r
283 5355 480 5418 Testimonium
497 5364 570 5420 enirn
593 5368 723 5436 perhibeo
751 5370 817 5439 illis,
831 5374 999 5444 qrrodeno·

200 5448 341 5532 'ationem
355 5455 465 5523 quidem
497 5456 546 5512 Dei
572 5461 684 5526 bahent,
716 5466 830 5520 sednon
849 5472 998 5525 secundum

210 5545 361 5602 scientiam.
378 5551 511 5608 »liabent
539 5553 682 5610 scientiam
710 5562 846 5615 sectandae
859 5560 938 5631 legis,
951 5566 998 5619 scd

209 5651 263 5690 nou
294 5638 458 5712 intelligunt,
487 5647 550 5714 quia
575 5646 703 5705 Christus
731 5655 880 5708 secundum
909 5657 996 5727 legent

207 5730 291 5785 uenit.
306 5733 341 5787 Et
355 5736 417 5804 quia
431 5753 479 5808 per
504 5742 588 5811 legen:
614 5744 759 5812 justilicari
784 5761 836 5803 uon
849 5760 967 5819 pessunt
987 5769 994 5807 t

205 5819 396 5892 periclitantur
411 5844 517 5901 revera,
532 5834 553 5890 si
568 5834 627 5891 sine
643 5839 756 5896 seleutia
771 5839 828 5909 liar,
846 5843 908 5911 qnia
920 5859 992 5915 supe

1059 4740 1089 4786 ut
1103 4732 1139 4786 ihi
1155 4731 1294 4790 Christum
1308 4739 1416 4794 ualeant
1429 4743 1561 4801 inteuire.

1096 4841 1106 4874 r
1120 4822 1187 4889 Quis
1201 4827 1332 4883 ascendet
1344 4832 1372 4884 in
1383 4832 1493 4901 coelmn,
1508 4835 1535 4891 id
1548 4846 1601 4906 est,
1614 4838 1756 4902 Christum
1767 4849 1880 4907 deda-
1920 4870 1936 4891 -’

1057 4927 1207 4973 cerezaut
1234 4919 1297 4989 quis
1324 4921 1473 4981 descendet
1501 4928 1529 4982 in
1552 4933 1680 5002 ahpssutn
1697 4938 1786 4998 ahoe
1811 4961 1841 5001 es
1870 4945 1937 4991 ὃ

1056 5007 1196 5066 Christum
1228 5018 1384 5072 amortuis
1415 5024 1587 5079 reuocaret»
1617 5025 1687 5094 Quia
1721 5031 1868 5093 Christe:
1910 5040 1933 5075 ὲ

1057 5103 1128 5160 Deus
1151 5115 1179 5160 ει
1206 5108 1289 5164 horno
1302 5119 1356 5177 est,
1381 5113 1407 5166 in
1422 5128 1455 5170 eo
1467 5119 1538 5185 cuod
1555 5119 1627 5177 uem
1645 5119 1784 5196 lechum,
1805 5127 1937 5203 quud

1055 5205 1117 5247 cum
1142 5195 1170 5250 iu
1185 5195 1271 5253 lorma
1290 5196 1339 5257 liei
1365 5212 1436 5270 erat,
1466 5209 1646 5280 seoretipsum
1676 5218 1837 5280 eainauirit

1056 5284 1169 5341 formam
1178 5292 1250 5346 serti
1268 5294 1417 5364 accipiens,
1432 5295 1523 5355 lactus
1536 5312 1578 5358 est
1587 5305 1682 5363 homo.
1695 5306 1937 5384 ereptore&

1054 5375 1137 5434 dicit:
1154 5398 1163 5431 t
1184 5382 1251 5448 Quis
1265 5384 1395 5442 ascetnlet
1406 5389 1434 5444 in
1450 5393 1560 5460 cetum,
1577 5395 1629 5453 boc
1642 5410 1688 5456 est
1700 5402 1936 5466 curtatufl

1053 5471 1198 5530 deducere.
1210 5476 1633 5545 ›Dedueeredieitursecuodunt
1645 5493 1766 5554 sormam
1784 5501 1833 5560 liei
1898 5495 1937 5553 ἑ

1052 5568 1185 5625 reducere
1213 5580 1359 5629 tutemet
1382 5579 1511 5648 mortuis,
1538 5586 1690 5643 secuudum
1723 5586 1937 5655 formast

1051 5675 1135 5717 scrut.

1089 5775 1098 5806 r
1112 5758 1164 5812 Sed
1179 5761 1244 5829 quid
1256 5761 1322 5819 dicit
1342 5766 1506 5837 Scriptura?
1520 5771 1609 5848 Prope
1625 5788 1669 5835 εει
1680 5782 1801 5845 verbum
1815 5788 1878 5845 it!

1050 5864 1098 5908 ore
1115 5864 1169 5919 tuo,
1194 5863 1220 5910 et
1235 5857 1261 5912 iu
1284 5859 1455 5921 cordetuo:
1484 5864 1536 5923 hoo
1561 5880 1604 5930 ert
1629 5875 1747 5935 terbum
1768 5879 1860 5942 soei,

1850 6030 1900 6055 Ξ
