4109 6434
190 412 248 472 rat
662 406 847 467 netsttttat
869 407 984 469 XXXV.
1006 409 1055 467 DE
1077 411 1180 471 Fttttt
1201 413 1380 477 attumne.
1774 425 1828 490 253

192 539 248 578 uec
275 522 420 578 larncosie
451 521 529 591 louge
563 521 666 577 erimus
689 522 786 577 abiba
815 524 1104 584 beatitudiuedstris
1124 530 1326 596 dijudicandum
1344 532 1830 611 arbitriis[alharbitrariislcooie-

192 629 276 682 quam
293 613 403 682 rapiunt
420 614 466 681 qui
483 613 596 680 impleut
612 612 880 669 desideriurosuunt.
891 614 984 685 h'eque
1038 619 1215 675 ramaslaun
1235 624 1307 675 enirn
1323 641 1435 678 eausam
1449 628 1621 694 exponimus,
1639 648 1719 698 quam
1735 645 1761 686 et
1775 635 1829 689 Do·

194 709 269 760 enim
287 707 309 759 si
326 721 379 758 noo
394 705 547 773 ceperimus
561 704 589 758 id
602 721 712 770 nruous.
729 707 808 776 cujus
836 710 983 775 praestandi
1039 713 1104 764 nrioi
1133 729 1225 767 sermo
1252 717 1395 785 subjungit
1412 735 1419 772 :
1438 720 1471 771 de
1484 722 1623 786 superiore
1645 739 1726 777 eausa
1755 725 1827 781 bane

194 809 316 866 potestas
337 795 364 849 in
387 794 500 849 alterius
517 810 597 849 manu
624 796 710 862 posita
723 805 774 857 est,
792 800 982 865 reprehensio·
1038 805 1195 872 parabolam
1214 807 1387 863 introducens
1404 810 1475 863 sicot
1495 809 1600 878 praelati
1620 828 1715 869 sumus
1732 817 1827 887 sinqu-

195 904 258 943 trem
269 885 464 941 sustinebimus
481 899 489 940 ς
507 885 588 939 sedai
602 884 628 939 in
640 886 681 938 hia
697 901 757 954 quac
771 902 849 958 agere
860 889 982 958 praecipi·
1038 896 1125 949 larunt
1147 897 1174 950 io
1192 898 1234 952 his
1251 899 1388 966 parabolis
1411 917 1590 968 personarum
1610 907 1768 959 memoriam
1787 909 1828 962 ia·

196 995 260 1032 11111
271 992 424 1046 pareamus,
447 977 586 1045 bmnium
606 978 777 1045 lludlsiusw
795 981 981 1048 adipiscimur.
1037 989 1151 1042 cientes.
1166 989 1370 1045 btnrurnrabant
1383 990 1480 1058 ludaei,
1495 1004 1523 1047 et
1544 998 1693 1050 urebantur
1711 998 1825 1064 invidia,

233 1071 267 1124 lt:
286 1070 418 1135 erorriam
432 1084 497 1138 ergo
512 1068 671 1123 omnimode
697 1072 913 1127 demonstratum
928 1084 981 1139 ert,

197 1179 253 1216 ono
271 1163 359 1216 salunt
374 1161 476 1215 auibus
491 1161 618 1227 periculi.
633 1163 680 1214 scil
697 1172 724 1216 et
739 1164 864 1231 plurimae
878 1167 983 1220 utilita-

196 1258 231 1311 tis
244 1271 316 1317 csse,
331 1255 447 1308 scrutari
461 1254 566 1306 divinas
591 1251 750 1323 Scripturas
770 1275 777 1310 ε
793 1258 981 1326 disquiramus

194 1351 269 1404 iilam
297 1348 434 1416 Evarrgelii
464 1348 632 1417 parabolam,
659 1363 720 1416 quac
743 1358 784 1403 εει
804 1353 837 1404 de
863 1361 939 1417 patre
955 1364 983 1408 et

191 1442 301 1494 duobus
314 1443 375 1494 tiliis
393 1440 469 1508 (Luc.
487 1441 545 1507 ιι).
564 1438 631 1492 Nam
659 1444 739 1494 utrius
756 1444 793 1496 rei
809 1459 891 1498 cansa
909 1455 937 1499 et
949 1447 983 1502 dc

192 1550 245 1588 ove
259 1545 287 1588 et
305 1538 337 1587 de
363 1535 478 1588 muliere
509 1535 728 1601 comparationes
754 1537 833 1589 nobis
850 1549 979 1594 contexto

191 1624 289 1678 ordine
303 1638 383 1691 sopra
397 1625 516 1678 recitatae
537 1631 611 1676 tum.
628 1621 765 1686 eraeritor
781 1640 847 1697 ergo
863 1629 924 1693 quis
935 1628 982 1682 ille

1036 1083 1108 1149 qnod
1134 1099 1148 1135 a
1180 1082 1293 1136 Dmnino
1321 1095 1415 1139 nostro
1440 1084 1504 1139 lesu
1529 1086 1641 1141 Christo
1667 1102 1827 1156 peccatores

1037 1174 1150 1240 suscipi,
1169 1174 1250 1228 simui
1261 1175 1343 1229 etiam
1355 1178 1505 1244 convivari,
1523 1191 1549 1234 ct
1565 1181 1725 1248 publicanos
1739 1185 1827 1238 liben-

1038 1267 1227 1319 terdoctrinae
1267 1268 1418 1323 Salvatoris
1443 1272 1584 1324 intendere
1612 1275 1745 1328 viderant.
1783 1278 1824 1330 Ad

1038 1356 1108 1410 banc
1125 1370 1190 1425 ergo
1205 1358 1380 1412 insolentiam
1404 1359 1563 1413 iudaeorum
1580 1364 1715 1431 aspiciens
1735 1365 1827 1420 Domi·
1856 1355 1862 1369 ⁴

1038 1464 1099 1512 nus,
1117 1451 1180 1515 quia
1206 1453 1456 1515 reprehendebatur
1468 1453 1501 1506 ab
1517 1456 1567 1518 eis,
1591 1456 1689 1526 incipit
1710 1460 1825 1525 primam

1037 1543 1069 1594 dc
1086 1553 1195 1610 pastore
1212 1544 1284 1597 illam
1301 1546 1468 1611 parabolam,
1486 1548 1543 1612 nbi,
1559 1551 1706 1616 nonaginta
1725 1562 1752 1603 ct
1775 1569 1826 1606 rto·

1038 1649 1097 1687 reor
1111 1636 1207 1688 ovibus
1224 1636 1374 1702 derelictis,
1391 1639 1422 1690 ad
1447 1654 1527 1691 unam
1549 1656 1609 1709 quae
1637 1644 1824 1710 aberraverat,

191 1718 286 1771 scriior
301 1718 335 1768 sit
353 1716 446 1779 irater,
463 1717 508 1784 qai
522 1732 557 1770 er
584 1716 699 1771 dimidio
713 1717 805 1771 datam
821 1721 872 1774 sibi
891 1732 981 1789 pater·
1037 1727 1232 1794 requirendam
1250 1728 1326 1782 abiit.
1345 1730 1378 1783 Et
1403 1733 1542 1785 subnectit
1557 1733 1619 1786 huie
1643 1733 1724 1786 aliam
1745 1750 1826 1803 para·

192 1807 745 1876 111111111111111111111111111111111111111.
768 1810 984 1879 111111111111111·
1038 1819 1129 1873 bolant
1145 1823 1177 1874 dc
1201 1822 1331 1876 drachma
1352 1824 1469 1888 decima,
1493 1841 1573 1893 quam
1602 1828 1736 1892 perditam
1752 1828 1827 1883 intra

191 1899 322 1953 1111111111
341 1908 417 1965 111111
442 1914 491 1952 ⁵⁰⁰
514 1899 681 1966 1111111111
710 1902 814 1957 11111111·
827 1902 895 1968 Quis
918 1878 1146 1967 reroBdmmnn
1172 1932 1249 1969 suam
1284 1932 1398 1970 accensa
1427 1917 1537 1970 lucerna
1566 1920 1671 1973 mulier
1711 1920 1826 1976 invenlt.

189 1991 297 2059 junior,
316 1991 364 2059 qut
379 1999 491 2060 11111111
505 1991 634 2045 1111111111
651 2008 684 2047 111
708 2005 789 2062 halle
814 1997 980 2065 substantia,
1039 2007 1141 2059 Deinde
1156 2007 1215 2061 haec
1232 2009 1264 2061 de
1275 2009 1338 2063 liliis
1352 2010 1457 2063 rhtobos
1480 2011 1608 2076 parabola
1628 1990 1825 2079 subsequitur,

192 2084 331 2151 proiectus
357 2093 399 2137 est
425 2085 451 2136 in
479 2084 654 2152 longinquam
681 2087 830 2155 regionem,
861 2102 896 2159 etp
920 2105 985 2158 pro·
1037 2095 1186 2149 secuudum
1216 2097 1501 2165 dispensationemct
1523 2098 1699 2165 providentie
1726 2098 1825 2152 rttvtnae

191 2175 363 2244 bigatisillic
389 2177 516 2229 omnibus
545 2179 631 2244 partis
659 2194 714 2232 suae
742 2179 931 2247 facultatibus,
948 2185 983 2240 ad

192 2269 313 2338 inopiam
331 2266 467 2330 redaetus,
483 2283 580 2336 porcos
605 2270 711 2325 alienos
727 2287 840 2339 pascere
871 2288 982 2331 coaetus

190 2368 246 2414 est.
261 2359 313 2413 Sed
341 2367 368 2414 et
384 2358 541 2429 qualitatem
564 2362 731 2429 poenitcutiae
747 2364 806 2432 ejus
832 2382 884 2420 noo
901 2367 984 2420 ornit-

190 2461 297 2519 tamus,
310 2461 339 2507 et
366 2452 496 2506 letibeati
514 2454 601 2522 patris
624 2466 777 2523 promptam
795 2460 982 2514 remissionem

192 2543 399 2614 modestamque
417 2546 558 2616 pietatem,
575 2547 622 2613 qui
640 2551 788 2603 revertenti
811 2551 867 2604 tilio
882 2553 984 2607 disces·

192 2637 280 2692 sionis
294 2637 438 2705 praeteritae
453 2636 508 2708 [dl.
524 2639 668 2709 praeterit]
689 2641 838 2702 levitatem,
855 2654 882 2698 et
900 2645 982 2699 dissi·

193 2738 264 2800 patae
279 2730 438 2783 substantiae
451 2728 552 2797 ttaqtrta
566 2745 620 2784 non
634 2732 793 2799 exprobrat:
808 2735 854 2787 scd
870 2735 982 2788 rerrien·

192 2833 250 2878 teru
271 2824 421 2876 clementer
447 2822 572 2888 suscipit,
598 2829 624 2875 ει
652 2836 802 2876 occurrens
826 2823 938 2888 salutat,
955 2835 983 2879 st

192 2914 335 2984 gratulans
351 2913 504 2977 osculatur,
532 2912 692 2966 incumbens
722 2915 869 2981 requiescit
889 2916 915 2968 in
935 2930 980 2980 eo,

191 3014 224 3061 et
239 3006 352 3060 vtrotnrn
369 3005 441 3058 iilum
456 3005 609 3074 saginatum
626 3020 674 3073 pro
696 3006 787 3060 latitia
804 3009 904 3076 recepti
934 3008 981 3062 tilii

193 3100 359 3168 epulandum
385 3098 517 3151 iorrnolat.
547 3097 574 3151 lo
607 3113 663 3166 quo
687 3110 867 3167 coorpuuetus
890 3102 982 3157 senior

1036 2188 1171 2251 ordinem,
1197 2187 1293 2242 harum
1324 2189 1559 2256 comparationum
1590 2198 1692 2243 tortum
1711 2189 1823 2243 iaciens.

1035 2277 1103 2333 Nam
1121 2279 1184 2347 qnia
1209 2281 1268 2346 ipse
1293 2280 1420 2347 princeps
1446 2290 1472 2332 et
1496 2291 1593 2335 auctor
1608 2281 1704 2334 salutis
1722 2290 1825 2335 nostrae

1035 2378 1088 2428 est,
1105 2368 1248 2420 seductum
1276 2368 1424 2429 hominem,
1440 2379 1468 2422 et
1480 2371 1542 2423 dolo
1557 2371 1657 2422 diaboli
1678 2373 1824 2437 perditum,

1036 2458 1142 2510 salvare
1165 2459 1309 2526 incipiens,
1338 2470 1364 2512 el
1391 2459 1553 2528 perfectioni
1569 2461 1713 2514 restituere
1738 2480 1744 2514 ε
1771 2462 1825 2516 hoc

1035 2559 1078 2603 est
1093 2565 1208 2603 ouurcro
1221 2552 1373 2605 centesimo
1388 2552 1511 2616 reddere,
1538 2554 1563 2605 iu
1581 2570 1633 2621 qno
1650 2552 1825 2620 perteertnnts

1036 2641 1177 2708 plenitudo
1193 2653 1354 2697 numerator
1371 2660 1378 2698 :
1394 2645 1459 2699 hine
1488 2646 1593 2698 initium
1613 2644 1826 2714 comparationis

1035 2736 1110 2791 lacit.
1127 2736 1273 2805 Subiungit
1289 2747 1379 2790 autent
1399 2748 1427 2792 et
1455 2738 1578 2792 molieris
1602 2733 1759 2807 personato.
1782 2753 1825 2791 ar·

1035 2837 1121 2890 gneus
1135 2822 1253 2886 Jutlaeos,
1270 2827 1373 2880 docens
1399 2835 1490 2879 autem
1511 2826 1669 2892 Ecclesiam,
1686 2832 1712 2881 'et
1736 2829 1825 2883 horari-

1036 2930 1098 2968 oem
1117 2917 1193 2983 qnasi
1212 2919 1359 2970 erraticam
1371 2932 1449 2973 ovem
1460 2914 1579 2985 diligens
1587 2930 1678 2987 pastor
1689 2919 1802 2984 inquirit
1814 2935 1822 2970 ε

1034 3006 1256 3075 qnemhominem
1271 3008 1427 3060 drachmam
1439 3008 1573 3070 nominat,
1586 3017 1696 3076 propter
1708 3018 1824 3062 monetas

1035 3096 1135 3164 regalis
1148 3097 1356 3150 similitudinem
1382 3113 1390 3152 ι
1407 3099 1556 3164 ligorabter
1569 3101 1746 3160 indracbma.
1764 3115 1825 3167 qoae

193 3191 281 3245 irater
302 3190 369 3245 dicit
384 3188 466 3258 patri,
494 3197 548 3242 etc.
572 3187 636 3243 iiaec
661 3205 721 3257 quae
755 3205 803 3257 per
825 3204 916 3260 paries
946 3186 1825 3274 pecpecuniaeqemrsest,qaodillitaoquaormtntmo,imago

188 3295 272 3367 gesta
300 3292 376 3348 suot,
405 3280 540 3349 expositio
564 3280 802 3336 vestrisseosibus
838 3285 984 3345 intimabit.

193 3372 386 3428 Necessarium
399 3371 471 3426 enim
491 3379 609 3424 estante
628 3370 718 3422 omnia
735 3377 904 3436 percunctari
920 3391 986 3429 cao-

193 3482 253 3521 sam
276 3481 324 3535 pro
337 3480 401 3534 qua,
417 3475 444 3520 et
460 3462 526 3532 quid
541 3462 635 3517 rolens
649 3466 683 3516 de
699 3466 846 3532 propositis
860 3464 986 3524 Salvator

158 3622 166 3630 ¹
192 3560 350 3624 ostendere,
364 3558 519 3625 hujusmodi
550 3557 694 3626 parabolas
718 3556 820 3612 touaets
837 3565 982 3628 aptaverit.

193 3652 224 3707 Sl
251 3652 324 3706 euim
352 3651 429 3705 robis
451 3664 533 3704 cansa
552 3649 645 3703 talium
672 3650 906 3717 eorrtparatiooum
936 3666 983 3720 pa-

193 3747 292 3808 tuerit,
320 3756 385 3799 tuoe
401 3759 431 3795 ea
448 3757 508 3810 quae
521 3741 555 3795 de
571 3742 638 3810 ipsis
658 3743 804 3806 sentimus,
819 3758 852 3795 an
863 3744 985 3799 rationa-

194 3835 286 3889 biliter
304 3840 454 3902 congruant
477 3832 595 3896 veritati,
613 3830 693 3886 laeile
715 3833 894 3902 dignoscitur.

231 3928 276 3981 ΙΙΙ.
295 3925 363 3980 Sunt
376 3925 467 3994 itaque
486 3924 531 3993 qui
549 3924 643 3979 dicunt
659 3927 691 3978 tle
707 3927 814 3980 duobos
831 3927 895 3980 liliis
912 3928 982 3995 istis,

195 4020 333 4074 sertiurem
349 4017 458 4085 angelos
477 4031 539 4071 esse
563 4025 590 4070 et
606 4017 799 4087 archangelos,
815 4020 858 4072 rel
874 4035 982 4073 orrroem

195 4109 259 4162 roeli
291 4107 426 4160 vuilitiarn.
451 4105 583 4160 blinorern
611 4119 676 4160 tero
702 4119 808 4174 ponunt
833 4109 983 4175 bominem,

195 4201 242 4268 qui
261 4201 287 4253 iu
305 4198 449 4267 longinqua
472 4197 689 4268 peregrinatione
702 4199 809 4264 abierit,
829 4201 937 4268 quando
949 4203 984 4256 ad

197 4302 299 4345 terram
329 4292 363 4343 dc
392 4290 470 4343 ctelis
496 4299 524 4342 et
549 4290 677 4356 paradiso
699 4291 799 4344 cecidit
815 4308 822 4345 ι
841 4299 868 4345 ει
890 4300 984 4361 aptant

1038 3287 1064 3331 et
1077 3278 1216 3345 inscriptio
1232 3278 1431 3343 reqiseoeiestis
1446 3280 1579 3346 insculpta
1590 3280 1634 3332 sit.
1649 3279 1825 3348 Quariterpo

1036 3369 1262 3423 eamdracbmam
1279 3370 1386 3432 mulier,
1398 3385 1510 3423 aceensa
1527 3370 1639 3423 lucerna
1658 3379 1686 3425 et
1696 3372 1824 3426 ntondata

1037 3460 1256 3515 domninaeoit:
1285 3463 1336 3514 boe
1364 3469 1417 3523 est,
1448 3462 1530 3515 iromo
1559 3463 1826 3518 illuminatasvcrbo

1036 3559 1064 3603 ct
1080 3549 1268 3603 misericordia
1295 3551 1352 3615 Dei,
1370 3552 1485 3618 gloriam
1513 3562 1615 3606 naturae
1642 3570 1707 3612 sarae.
1727 3555 1826 3623 inqua

1036 3645 1069 3696 ad
1085 3643 1230 3713 imaginem
1263 3645 1398 3698 creatoris
1416 3646 1458 3699 stri
1488 3644 1576 3698 iaetrrs
1593 3655 1644 3708 cst,
1661 3664 1742 3716 quam
1763 3650 1827 3702 obs·

1036 3745 1130 3789 curata
1164 3736 1281 3802 peccatis
1312 3737 1392 3789 domo
1412 3737 1512 3802 cordis,
1545 3739 1571 3791 io
1597 3741 1717 3794 tenebris
1735 3742 1826 3795 cordis

1036 3828 1189 3880 amiserat:
1212 3827 1365 3881 emendatis
1394 3831 1523 3883 sensibus
1541 3833 1667 3897 reperit:
1686 3841 1712 3885 ct
1728 3833 1825 3900 garttlio

1036 3918 1136 3987 gautlet
1151 3921 1223 3986 quod
1237 3934 1346 3972 onrucm
1366 3919 1568 3991 irrtmrtrtditiarn
1586 3922 1728 3975 interioris
1745 3924 1823 3985 aulae,

1036 4012 1134 4065 studiis
1147 4011 1296 4079 disciplinae
1309 4011 1437 4080 specialis
1447 4013 1605 4065 absterserit
1617 4028 1624 4066 :
1637 4023 1663 4066 et
1672 4023 1826 4069 contractas

1035 4105 1133 4158 animae
1149 4105 1275 4158 derebus
1293 4113 1320 4159 et
1331 4104 1404 4157 euris
1421 4103 1597 4157 saecularibus
1626 4106 1730 4168 semies,
1758 4120 1824 4158 ora-

1037 4196 1156 4251 tionibus
1181 4204 1209 4249 et
1234 4196 1464 4265 increpationibus
1484 4206 1646 4263 expurgatas
1661 4197 1823 4252 excusserit.

1073 4287 1105 4342 ι’.
1123 4287 1276 4342 Secundum
1300 4287 1458 4355 praedictum
1480 4297 1680 4355 eorrscquenter
1702 4289 1824 4343 annectit

195 4383 272 4452 qnasi
293 4381 407 4435 scientia
436 4380 609 4448 respicientis
640 4383 674 4435 ad
699 4395 792 4435 casum
820 4382 861 4437 rel
879 4393 981 4437 statum
1034 4381 1190 4449 parabolam
1215 4378 1250 4433 de
1271 4379 1376 4433 duobrrs
1401 4378 1464 4431 tiliis
1493 4378 1677 4442 collationem,
1712 4381 1823 4436 otmilai

194 4473 272 4525 briae.
305 4470 359 4523 Sed
375 4471 421 4524 hic
448 4485 544 4524 sensus
572 4469 633 4537 pius
661 4470 770 4538 quidem
800 4473 983 4527 sidetanhe·
1035 4472 1131 4526 videor
1144 4471 1329 4526 iacercroon
1346 4474 1379 4525 de
1394 4470 1494 4525 ltulaeis
1511 4472 1757 4538 trangressoribus,
1774 4487 1825 4527 nec

195 4568 255 4618 seio
281 4575 370 4617 tamen
392 4563 414 4616 si
446 4577 527 4617 verus
549 4563 595 4616 sit.
625 4562 695 4616 Dicit
718 4563 816 4632 aliquis
846 4581 853 4617 :
879 4544 1210 4633 quarorfldeeeutlbas
1237 4559 1424 4626 perditis,sed
1449 4559 1686 4628 popttliejus,qui
1715 4577 1762 4626 per
1776 4577 1825 4631 pa·

195 4660 264 4722 Quia
293 4658 383 4709 minor
406 4654 476 4708 lilius
498 4661 526 4708 ct
547 4653 639 4720 junior
654 4653 688 4706 rut
706 4657 894 4723 penitentiam
910 4660 983 4712 verm
1037 4649 1155 4700 tieotiam
1171 4648 1296 4702 redditur
1313 4650 1403 4714 salarii,
1421 4663 1503 4716 quent
1518 4649 1654 4718 juniorem
1672 4651 1757 4703 hlium
1774 4669 1825 4707 oo-

195 4765 243 4802 »ιιι
261 4756 368 4816 sponte,
384 4746 543 4800 recordatus
569 4747 714 4814 praeteritae
742 4747 920 4802 abnndantia
935 4764 984 4818 pa·
1035 4740 1131 4791 trtiuat.
1148 4739 1225 4800 Seth,
1237 4739 1313 4791 Eoos
1325 4749 1351 4791 et
1369 4740 1551 4809 lrisjooiores‚
1563 4741 1608 4808 qui
1621 4742 1654 4793 ab
1668 4741 1722 4794 Eva
1738 4758 1825 4811 nsque

194 4842 246 4891 triu
265 4839 319 4899 sui,
339 4836 503 4890 sicuthabet
522 4837 607 4890 series
624 4839 757 4891 lectionis,
780 4840 910 4894 Dpppjpps
931 4858 980 4895 au.
1035 4834 1068 4885 ad
1079 4833 1230 4886 Salt'ttltlt‘ls
1245 4833 1393 4886 lrttmanuur
1413 4835 1824 4903 atit'elllliltt,becuhdbtlljttsli·

195 4942 250 4982 reru
267 4929 392 4988 veniens,
422 4927 455 4979 ad
483 4927 672 4994 poenitentiam
696 4930 803 4983 vocavit
832 4929 982 4986 burrianum

191 5037 290 5089 gertus,
309 5036 370 5074 eum
385 5036 434 5073 sua
444 5029 542 5088 sponte
555 5020 660 5088 regredi
675 5022 748 5075 unde
764 5023 911 5089 ceciderat,
928 5040 982 5079 non

191 5117 337 5182 cogitaret.
357 5112 457 5166 Deinde
469 5112 561 5167 senior
571 5113 655 5177 lilius,
676 5115 698 5166 si
713 5113 814 5168 chorus
828 5128 870 5169 est
898 5118 983 5171 etele-

192 5207 278 5261 atlum
298 5205 515 5274 angelmarum
535 5205 692 5274 praedictum
714 5216 775 5259 est:
794 5213 930 5273 quomodo
956 5209 982 5262 in

192 5299 283 5352 reditu
311 5307 340 5352 et
367 5299 456 5351 salute
471 5299 564 5352 iratris
577 5298 632 5362 sui,
646 5307 673 5352 ει
702 5298 727 5351 iu
756 5299 833 5352 vitali
862 5301 982 5353 irmnola·

193 5392 270 5443 tione
298 5389 445 5443 tristatur?
467 5387 536 5444 Cum
561 5391 587 5443 in
618 5390 712 5445 eodem
739 5389 886 5459 Evangelio
911 5393 984 5446 dieat

192 5480 326 5535 Dominus
343 5496 352 5532 :
371 5480 504 5535 Laetitiam
523 5499 580 5536 ease
594 5484 622 5535 itt
635 5484 699 5535 coelo
723 5484 794 5549 apud
810 5484 917 5552 arrqelaa
938 5500 984 5537 stt·

191 5589 239 5641 per
254 5590 304 5628 arro
319 5587 454 5642 peccatore
466 5574 646 5640 penitentium
662 5584 754 5642 aperite
778 5572 856 5640 (Lar.
879 5589 922 5638 tv,
944 5574 981 5642 i).

230 5667 275 5720 ii'.
301 5667 561 5735 Disctrtiemosergo
579 5667 660 5735 hujus
687 5666 822 5735 parabolae
846 5667 982 5719 rationem

192 5771 249 5811 non
263 5768 293 5810 ut
324 5758 399 5812 illum
415 5759 497 5812 aliurn
523 5758 692 5812 intellectum
711 5759 907 5826 vituperemus,
936 5758 982 5812 scd

193 5851 281 5922 tnagis
294 5861 322 5904 ut
334 5868 395 5905 cunr
408 5868 488 5906 sensu
503 5851 548 5906 illo
577 5852 602 5906 id
619 5852 690 5921 quod
707 5865 755 5906 nes
772 5851 915 5918 sentimus,
934 5866 981 5906 trc-

1035 4924 1100 4978 tiam
1126 4925 1195 4994 legis
1208 4924 1332 4977 rireotes
1346 4925 1411 4992 justi
1426 4925 1597 4978 videbantur.
1612 4924 1681 4994 Ergo
1698 4929 1770 4996 quod
1788 4927 1826 4981 ait

1032 5016 1167 5086 jerniorero
1182 5015 1365 5082 etscniorem,
1382 5030 1436 5069 non
1454 5016 1481 5068 in
1495 5016 1592 5070 ordine
1616 5020 1757 5086 temporis,
1776 5020 1824 5072 sed

1036 5111 1063 5161 in
1080 5108 1250 5176 votrrptamru
1274 5109 1418 5177 qualitate.
1435 5123 1594 5178 praeponens
1613 5125 1643 5164 sc
1658 5111 1694 5177 ei,
1712 5113 1757 5179 qui
1771 5126 1823 5166 uon

1036 5203 1200 5268 voluntarie,
1218 5206 1265 5255 sed
1280 5203 1368 5257 alieno
1380 5202 1443 5255 dolo
1460 5202 1663 5257 circumventus
1679 5205 1824 5259 aberrave-

1035 5304 1087 5357 rat,
1102 5297 1171 5348 sirut
1185 5297 1254 5360 uvis,
1269 5295 1321 5348 huc
1335 5306 1387 5357 est,
1400 5299 1577 5352 irrationabili
1594 5296 1705 5349 animali
1722 5298 1824 5361 impru-

1035 5389 1142 5443 dentem
1152 5389 1286 5442 hominem
1297 5405 1471 5457 eotoparans,
1484 5391 1695 5445 sollicitudinem
1705 5390 1824 5458 pastoris

1035 5478 1189 5542 adhibens;
1218 5489 1247 5531 ιιι
1263 5493 1369 5545 qua-rat
1389 5494 1466 5533 orem
1494 5481 1636 5548 perditam,
1661 5490 1688 5533 ct
1704 5490 1825 5549 reportet
1889 5494 1899 5500 ·

1036 5572 1184 5625 intentant.
1202 5572 1233 5625 Ei
1255 5587 1320 5625 tero
1335 5574 1381 5640 qui
1395 5574 1500 5626 arbitrii
1518 5574 1560 5626 sui
1578 5574 1704 5627 libertate
1728 5578 1823 5637 utitur,

1035 5672 1062 5716 et
1080 5667 1252 5727 recognoscit
1266 5666 1488 5728 nrrdeeecirlerit,
1508 5665 1673 5732 proeoitentiae
1687 5676 1714 5720 et
1731 5682 1825 5720 rever·

1036 5756 1122 5809 sionis
1140 5746 1286 5810 utilitatem
1302 5757 1502 5811 accommodat.
1522 5757 1599 5812 Umle
1614 5762 1670 5812 bare
1687 5758 1759 5811 inter
1775 5776 1825 5825 pa·

1036 5850 1143 5907 rabotas
1166 5853 1337 5920 supradictas
1356 5853 1426 5905 ratio
1447 5851 1631 5908 distinctionis
1661 5863 1712 5918 est,
1726 5868 1825 5910 secuu-
