4109 6434
143 381 198 448 321
818 381 868 442 ΑΙ)
889 375 1102 440 HONdCHOS.
1717 370 1772 435 322

148 510 180 555 ex
190 495 279 552 rsrlis
294 495 450 566 Hieronymi
466 493 495 551 in
508 509 569 552 eam
585 510 642 552 rem
659 496 768 567 seriptis
794 497 936 567 congeries
950 507 972 561 Α
1023 491 1160 560 lispositio
1173 489 1346 559 psalmorum,
1362 488 1420 545 sire
1430 484 1563 549 omniurn,
1578 485 1636 542 sire
1649 499 1682 542 es
1696 497 1774 555 psrte

146 590 204 645 irre
215 586 297 642 estin
315 595 470 658 pervetusto
483 602 535 643 ms.
551 587 679 644 Ecclesiae
692 590 799 644 catbed.
821 586 851 643 S.
864 587 937 643 Petri
990 582 1332 654 tantumslioms'lioeitem
1350 582 1377 636 in
1406 580 1512 650 aliquot
1535 578 1683 647 Scriptura
1701 579 1773 645 ioca,

111 730 114 735 ,
144 676 326 735 invnncmo.
681 693 685 699 ·
989 672 1088 740 saepius
1099 678 1245 725 occurrunt
1273 673 1302 724 in
1318 686 1384 726 mss.
1405 683 1474 740 quos
1500 682 1642 723 recensere
1664 668 1775 738 iuoyusn

182 769 223 824 De
235 767 380 823 boeresiius
395 765 559 832 Graeeorunr,
577 767 742 835 iudeorum,
763 780 788 824 et
807 769 938 825 Ciminia·
992 777 1048 820 est.

147 859 372 914 norum.iiesinit
390 859 417 914 in
446 856 600 914 Tritbeitis.
628 860 749 915 liabetur
774 863 809 913 ad
835 861 937 915 calcem
1024 858 1234 914 Commentarius
1246 855 1278 912 S.
1289 855 1486 925 Hieronpnride
1499 853 1777 925 npocsippsitmnnts

146 950 262 1006 alterins
274 967 326 1006 sus.
345 949 419 1004 Libri
434 951 466 1004 de
477 952 558 1022 pestis
585 967 747 1007 suirrmoruin
773 954 936 1018 pontificum,
989 947 1168 1015 apostotolus
1187 948 1346 1002 inscribitur
1358 948 1384 1000 in
1399 947 1512 1015 nitriquo
1531 948 1654 1016 cstaiuqo
1675 945 1778 1000 biblio·

148 1058 184 1098 ex
194 1045 289 1097 rsdenr
303 1043 331 1096 S.
345 1042 416 1097 Petri
434 1043 610 1098 bibliotheca.
629 1042 697 1098 Vide
711 1043 862 1099 indiculum
877 1044 939 1098 He·
990 1041 1075 1095 lberae
1090 1040 1247 1093 monasterii
1263 1038 1439 1107 Pornposani,
1454 1054 1533 1108 quem
1548 1039 1649 1094 saecrrio
1661 1054 1689 1092 ss
1705 1038 1777 1093 Hes·

148 1150 252 1193 resson,
268 1149 349 1201 quem
368 1133 490 1201 urtlgault
513 1135 554 1188 iii.
574 1133 717 1188 lii-nardus
733 1135 842 1190 Parisiis
858 1135 938 1189 iiiii.
990 1130 1061 1184 ii'titt
1083 1129 1195 1184 (11111111
1213 1129 1619 1200 111111111101111111·1111111111
1648 1129 1777 1195 1111111111,

188 1225 248 1278 Diri
260 1227 414 1295 Hieronymi
424 1227 456 1278 ds
469 1228 563 1279 timore
576 1226 663 1279 ultinn'
672 1227 783 1293 judicii,
799 1240 822 1280 et
838 1229 939 1293 defectu
989 1224 1035 1291 qtit'
1049 1223 1136 1291 dioilo
1152 1221 1198 1275 Dei
1215 1223 1414 1288 i'itltinrelflltii·
1427 1221 1540 1290 finirem
1564 1220 1662 1277 Clitt'tlt‘
1684 1223 1777 1275 tenuit.

149 1318 230 1387 hujus
249 1314 449 1385 viiae,lnnipii;
470 1317 537 1371 Inde
551 1320 616 1371 quiin
632 1323 726 1383 μήκη
746 1335 778 1373 ne
793 1321 936 1373 iuditibu-
991 1309 1077 1365 Eliaill
1099 1309 1196 1364 lentina
1211 1313 1300 1364 i'ei'siil
1313 1313 1575 1365 cotnmeniariorunt
1594 1311 1725 1365 vicitll'llil
1748 1313 1774 1364 in

148 1409 262 1462 tarsonis
275 1409 327 1472 die,
339 1418 391 1461 esc.
412 1407 558 1462 Tractams
571 1411 715 1463 niaximum
742 1421 847 1478 partem
876 1424 940 1463 con·
991 1401 1181 1471 Apocalypsin
1207 1400 1372 1471 Hieronymo
1400 1404 1500 1470 possim
1528 1403 1665 1458 tribuitur.
1693 1402 1725 1456 Et
1745 1403 1779 1456 do

155 1497 259 1557 ,einins
270 1498 331 1548 bin·
344 1495 407 1551 inde
420 1495 574 1566 Hieronymi
586 1497 728 1551 sententiis
739 1507 878 1552 constans.
888 1497 938 1552 Hs.
991 1494 1150 1561 praeinnone
1160 1494 1268 1563 quidem
1282 1495 1316 1547 ed
1331 1494 1496 1557 Anatolium,
1511 1511 1572 1564 que
1590 1496 1645 1549 iilis
1662 1495 1778 1564 preligi-

149 1589 221 1640 iibcr
236 1588 307 1654 spird
324 1603 366 1641 nie
379 1596 431 1652 est,
442 1603 490 1640 nec
504 1590 591 1642 etatis
607 1586 715 1652 inliinae,
728 1604 777 1642 nec
789 1596 869 1643 notre.
992 1594 1046 1649 tur,
1061 1584 1184 1639 dubitant
1204 1584 1352 1639 etiamnum
1366 1586 1452 1639 critici
1468 1586 1556 1656 magni
1572 1587 1700 1651 nominis,
1715 1601 1778 1640 num

187 1672 311 1738 Epistola
328 1689 381 1725 unu
399 1674 565 1744 Hieronymi,
578 1685 601 1728 ei
619 1675 673 1729 ulie
687 1675 819 1730 Hunsueti
828 1678 940 1742 episcopi
992 1674 1188 1745 Hieronymum
1209 1686 1350 1730 auctorem
1373 1677 1481 1731 liabent.
1568 1687 1571 1693 “

147 1766 182 1819 de
197 1773 300 1818 secreto
317 1764 513 1818 lrreurnutiont's
526 1764 625 1820 Citrisii
646 1765 674 1819 in
704 1782 755 1820 urso
780 1768 878 1821 codice.
895 1767 941 1823 stc
1029 1765 1172 1821 Siuoonieo
1186 1767 1333 1821 Billiorum
1350 1771 1444 1831 oemio,
1455 1780 1483 1821 nt
1497 1778 1523 1822 et
1540 1769 1708 1836 ulpltuietum
1718 1770 1780 1825 sta·

149 1859 236 1912 babet
263 1857 462 1911 vetustissimus
489 1858 626 1926 catologus
653 1857 784 1911 librorum
815 1857 941 1928 praeiisus
956 1837 978 1891 Β
993 1861 1368 1928 uoniranieronpminnum.
1381 1860 1432 1926 Qni
1445 1862 1503 1916 baec
1516 1860 1681 1933 Hieronymo
1694 1865 1780 1918 useri-

151 1964 205 2002 ms.
220 1945 352 2002 Vnticnno
369 1945 490 2000 Palatino
502 1964 579 2001 unuin.
595 1948 639 2002 57.
993 1960 1116 2020 pserunt,
1139 1964 1227 2003 rernm
1245 1950 1411 2020 illyricorum
1429 1954 1710 2022 ee1·iptoreset‹:mb·i
1727 1969 1780 2009 nuru

189 2038 439 2093 Glossaesccnndum
456 2039 616 2093 Heiruienm
629 2042 763 2096 ueritatem
778 2040 941 2097 trunsletoes
994 2041 1198 2101 contemmendi,
1213 2053 1354 2107 perperam
1374 2041 1522 2099 intellectis
1538 2042 1694 2113 llieronysni
1720 2059 1782 2098 uer·

151 2130 309 2196 supradicto
328 2126 499 2198 Hieronymo.
517 2125 556 2182 Es
571 2131 666 2183 eudem
683 2129 817 2199 catalogo.
995 2129 1050 2195 bis,
1066 2145 1129 2184 mee
1150 2129 1250 2199 linpuoe
1263 2130 1412 2184 bominibus
1429 2131 1497 2196 dedi,
1519 2133 1674 2186 bsiiucinsti
1686 2143 1760 2188 sunt.

348 2387 357 2406 .

426 2490 719 2570 notioniTio
759 2491 827 2569 be
864 2487 1235 2580 SUBSEQUHNTH
1274 2489 1514 2570 HOHlle.

191 2654 322 2713 Collectio
337 2655 594 2710 oecumenicorum
609 2666 659 2720 est,
675 2657 790 2711 numme
802 2670 860 2726 quor
871 2654 906 2707 ud
921 2654 1003 2722 preire
1017 2655 1210 2711 instituendum
1227 2658 1416 2713 nronueliorum
1428 2659 1507 2712 nitens
1522 2665 1651 2726 spectent,
1670 2670 1701 2709 ee
1718 2653 1783 2710 His·

157 2727 262 2795 resumi
277 2724 393 2789 epistolis
409 2741 440 2778 uc
451 2727 528 2780 libris
539 2726 571 2779 ol
583 2729 701 2781 studioso
712 2727 837 2796 quopiam
850 2725 994 2779 odornuts.
1011 2721 1135 2781 Occurrit
1150 2743 1181 2780 se
1196 2730 1269 2782 leolis
1282 2731 1309 2782 in
1323 2731 1489 2798 perantiquo,
1505 2739 1529 2780 et
1540 2729 1615 2782 isne
1630 2725 1782 2794 cumprimis

159 2803 239 2859 nolte,
256 2792 380 2849 Vaticano
395 2812 445 2848 nts.
462 2797 561 2860 codiee,
578 2799 622 2864 qui
639 2813 713 2850 num.
741 2795 793 2849 iau
805 2805 993 2860 prenotatur:
1011 2794 1119 2863 uisuque
1130 2809 1169 2850 est
1182 2800 1260 2860 timii,
1277 2811 1305 2851 ut
1320 2801 1346 2852 in
1372 2799 1456 2852 lucem
1471 2799 1512 2851 edi
1527 2797 1596 2850 inter
1613 2796 1780 2866 supposititio

158 2867 257 2926 emptu
275 2879 334 2917 eum
344 2863 450 2934 boensis
460 2865 549 2933 fructu
566 2865 655 2932 aliquo
674 2874 761 2933 posset
776 2880 786 2920 .·
804 2865 919 2919 monime
932 2877 991 2916 eunt
1014 2865 1083 2917 ulain
1100 2869 1201 2922 munire
1222 2867 1332 2938 {legulae
1347 2869 1555 2932 morracborum,
1568 2867 1636 2936 quod
1662 2863 1780 2932 ejusdem

157 2934 259 3002 inumb
277 2946 356 3005 etque
369 2935 450 2988 animi
463 2950 527 3005 epus
541 2942 590 3004 est,
603 2939 733 2991 uidentur.

744 3182 819 3268 nii
856 3177 1201 3270 MONACHOS.

194 3482 249 3538 biii
258 3482 390 3540 festinem
403 3484 437 3540 ad
448 3484 580 3554 ctelestin,
595 3494 625 3542 et
643 3500 760 3555 superna
784 3485 948 3554 desiderent,
962 3499 983 3557 c
1000 3486 1077 3542 culos
1087 3502 1137 3559 pro
1151 3486 1269 3543 summis
1282 3488 1365 3542 duest
1374 3485 1490 3543 deliciis.
1499 3485 1636 3556 Quidquid
1648 3484 1719 3541 enirn
1733 3499 1784 3556 per

159 3574 206 3630 till
218 3577 335 3631 terrenis
347 3577 461 3632 teribus
469 3575 617 3644 initiantes,
633 3579 751 3634 lomenia
772 3595 826 3635 non
843 3582 946 3637 babent
996 3579 1088 3649 gulam
1102 3593 1156 3634 non
1169 3579 1296 3645 sentitur,
1309 3579 1361 3634 boc
1374 3579 1399 3634 ei
1415 3578 1565 3647 sitquodet
1578 3578 1657 3647 ponis
1667 3587 1696 3632 et
1708 3578 1784 3646 lequ-

160 3666 296 3722 reritstis.
311 3667 341 3721 Si
359 3668 418 3736 quis
434 3667 514 3723 babet
526 3669 643 3724 animem
660 3671 828 3742 rirqinsiem,
839 3683 947 3728 etama·
997 3672 1081 3724 urbm.
1094 3667 1244 3724 lionscbus
1264 3668 1423 3739 irequenter
1434 3678 1505 3736 oret,
1521 3676 1558 3734 ct,
1576 3667 1645 3724 deso
1661 3681 1786 3737 corpore,

161 3766 206 3811 tor
216 3767 259 3812 est
271 3759 419 3829 pudicitie,
431 3773 485 3813 nou
502 3759 583 3814 debet
603 3761 785 3817 mediocribus
799 3779 860 3820 esse
882 3779 947 3819 con·
997 3772 1116 3816 mentem
1130 3764 1164 3818 nd
1175 3762 1416 3832 Christumeriqet.
1428 3760 1533 3818 Crebro
1545 3760 1647 3831 riyilet,
1658 3768 1684 3815 et
1694 3769 1787 3813 uerrere

160 3856 342 3917 renrsssane
358 3849 414 3903 olto
423 3849 591 3914 exolescunt,
601 3861 628 3906 et
639 3863 733 3906 esorto
745 3865 871 3909 caumate
887 3871 947 3910 arc·
998 3844 1099 3909 suerrus
1114 3867 1185 3922 saepe
1204 3852 1331 3916 dormiat,
1350 3853 1459 3906 etinter
1474 3851 1532 3906 bsec
1556 3848 1741 3912 rumusculos,
1757 3858 1785 3904 et

162 3939 318 3993 buntssed
335 3939 468 4007 periectas
485 3941 601 3997 rirtntes
625 3952 766 4012 sequntur,
796 3954 825 4000 ut
856 3944 946 4001 iumen
996 3940 1786 4016 gloriosusetpalpantesadulatoresquasibostesingias.

160 4028 263 4083 bsbesi
277 4029 482 4099 seirrpiternum.
498 4030 544 4086 ills
559 4033 717 4090 studeamus
732 4036 838 4093 discere
853 4039 879 4093 in
894 4049 948 4094 ter·
997 4038 1147 4094 llonscbus
1161 4035 1314 4091 luuntiiitate
1328 4034 1458 4100 uestium,
1476 4043 1598 4089 tumente
1616 4033 1717 4099 enimo,
1732 4048 1786 4089 non

159 4121 212 4184 ris,
230 4134 347 4189 quarem
376 4123 474 4177 noritis
501 4137 658 4194 perseveret
686 4128 712 4182 in
740 4131 827 4185 erulis.
861 4129 948 4186 Nemo
997 4123 1436 4198 appetatseculariumcunsortia
1450 4142 1458 4190 ς
1475 4123 1586 4180 devitet.
1602 4123 1787 4192 Quideiopus

159 4213 367 4268 nuntiaturus
399 4215 510 4282 seculo,
538 4215 606 4272 bene
637 4228 725 4289 potest
744 4223 861 4276 rendere
887 4237 948 4290 quae
997 4214 1788 4293 estridereerebriusquodessecontempsitillonaebns

160 4305 335 4374 moumpsit.
351 4303 488 4362 cbristum
511 4311 587 4378 sequi
617 4310 741 4382 cupiens,
769 4313 791 4366 si
816 4312 900 4367 babes
919 4312 946 4365 in
999 4309 1313 4378 bubestsimplicitaienr
1329 4308 1789 4382 columbe,rteccuiqusmnraubi·

160 4402 297 4466 pomerio
313 4408 370 4452 rem
384 4404 470 4465 iusim
490 4399 578 4456 rende
594 4420 602 4458 ε
618 4403 641 4457 si
660 4416 713 4456 non
736 4403 830 4470 babes,
851 4418 948 4473 nisyno
997 4412 1077 4459 netur
1091 4401 1168 4457 dolos
1186 4417 1195 4457 s
1211 4401 1310 4455 babeat
1322 4409 1350 4454 et
1360 4400 1494 4469 serpentis
1506 4401 1649 4466 astutiam,
1667 4414 1702 4458 ne
1717 4401 1788 4456 silo·

159 4500 249 4543 oue
261 4484 391 4544 lissum
402 4502 445 4545 es.
461 4489 560 4548 Totum
577 4494 650 4548 eninr
667 4493 723 4549 ileo
751 4493 897 4566 delinqui
918 4507 948 4550 se
998 4512 1059 4552 rum
1074 4495 1262 4566 stipulantetur
1278 4493 1394 4558 insidiis,
1410 4492 1474 4561 quis
1487 4505 1542 4546 non
1555 4493 1673 4547 muitum
1688 4492 1787 4551 distata

160 4579 252 4648 lpsurn
262 4575 369 4634 obtulit.
386 4576 477 4635 lisciie
497 4583 646 4639 contemnit
657 4583 760 4650 onmia,
775 4585 821 4656 qui
837 4601 867 4641 ee
878 4601 949 4641 senr-
996 4586 1066 4642 uitio
1083 4586 1124 4640 rel
1142 4583 1269 4653 decipere
1290 4596 1372 4654 posse
1388 4581 1430 4637 rel
1451 4580 1551 4649 decipi.
1571 4579 1723 4638 lionscbus
1738 4584 1786 4650 qui

160 4683 214 4740 per
231 4668 332 4737 eoqltat
346 4682 409 4726 esse
424 4671 597 4729 moritorum.
614 4669 784 4745 Frequenter
799 4675 950 4744 impudicos
998 4676 1181 4735 substantium
1197 4688 1274 4729 suam
1288 4671 1400 4729 cbristo
1412 4673 1553 4737 obtulerit,
1571 4683 1711 4729 careatno
1725 4688 1787 4729 earn

160 4772 244 4814 waes
257 4768 323 4814 miss
334 4758 434 4817 isseirs
446 4762 621 4819 condemnet.
645 4761 759 4820 subitus
777 4764 852 4820 calor
867 4764 948 4836 ionqu
998 4767 1184 4838 imprudenter
1198 4764 1329 4831 effundat,
1346 4765 1372 4819 ld
1387 4773 1439 4832 est,
1458 4780 1491 4821 ne
1504 4781 1561 4820 rern
1573 4779 1723 4836 pauperum
1734 4781 1788 4823 non

160 4847 249 4903 siocli
274 4859 405 4918 tempore.
423 4852 491 4918 Quis
515 4853 594 4910 multi
625 4855 670 4911 diu
699 4856 815 4914 sinendo
837 4863 947 4928 portant
963 4838 986 4894 11
1000 4849 1288 4932 pauperibus'trlbuat,
1309 4867 1336 4913 et
1349 4859 1498 4913 seeundum
1515 4857 1617 4912 dietum
1636 4860 1790 4927 prudentis·

160 4937 460 5009 1111111111,11111111
483 4943 608 5013 1111111111
632 4946 756 5002 delibili
774 4948 857 5018 plena
883 4957 949 5004 sunt
1000 4953 1063 5009 simi
1077 4952 1139 5018 riri,
1153 4949 1305 5005 iibesainss
1319 4948 1482 5004 liberalitate
1499 4957 1602 5017 penest.
1620 4948 1790 5019 Quicumque

158 5023 464 5088 onibssmrtuorum.
476 5029 578 5089 Restm
604 5033 649 5104 qui
669 5036 774 5093 diuinus
792 5035 948 5107 scripturos
1000 5044 1115 5100 bomino
1142 5041 1246 5098 seruire
1271 5040 1396 5111 eoeperit,
1425 5053 1521 5096 omnes
1550 5041 1664 5097 insidias
1688 5040 1790 5096 diaboii

160 5114 367 5187 inaurentur
383 5121 506 5176 sortitis
532 5135 642 5194 opere:
661 5128 805 5182 morsdsm
838 5142 948 5184 enicem
1001 5134 1127 5190 observet
1141 5133 1296 5203 diiigenter,
1314 5141 1345 5186 ut
1369 5134 1445 5203 quasi
1477 5142 1574 5190 cautus
1602 5143 1629 5190 et
1658 5132 1790 5189 sollicitus

161 5205 252 5265 mss
264 5222 393 5279 muns,
404 5213 480 5281 puris
499 5216 625 5273 manibus
641 5225 669 5272 et
684 5221 801 5276 candido
826 5230 947 5289 pectore,
1002 5226 1179 5296 gubernatur,
1200 5225 1227 5278 in
1242 5240 1296 5294 quo
1311 5225 1403 5280 littore
1416 5225 1553 5295 pudicitie
1569 5227 1655 5297 pirata
1678 5226 1724 5292 sit,
1739 5239 1789 5281 no-

160 5312 309 5370 1111111111
328 5307 844 5384 ¹0.stspirtumesopibusyiorietur.
862 5315 949 5370 Hcrno
1004 5318 1090 5372 uerit:
1108 5316 1153 5371 nbi
1183 5315 1337 5387 Cbsrybdis
1359 5325 1387 5371 et
1410 5316 1487 5372 radix
1520 5318 1638 5372 onndum
1657 5317 1788 5372 msiornnr

160 5399 291 5462 prestet
305 5390 419 5451 rlrtutes
447 5395 570 5454 simulet
593 5401 703 5459 diritius
719 5406 870 5473 possidere.
895 5406 948 5475 Qui
1003 5410 1118 5464 auaritia
1136 5425 1144 5463 s
1163 5408 1208 5463 ubi
1223 5407 1350 5482 Scyllaei
1366 5408 1578 5464 obtrectatorum
1590 5423 1682 5465 osnes.
1696 5408 1726 5462 Er
1743 5425 1791 5464 oo·

159 5481 447 5554 rsitesseperlectus,
459 5489 645 5548 multitudines
656 5496 851 5564 bominum,et
859 5497 949 5553 officia
1003 5503 1071 5573 qitet
1090 5500 1227 5569 quomodo
1250 5500 1408 5569 irequenter
1433 5498 1460 5554 in
1476 5499 1564 5554 media
1594 5499 1791 5569 transquiilltate

160 5575 348 5645 1111111111.
374 5582 549 5638 recondita
575 5587 654 5656 quasi
685 5590 816 5659 qussdsm
839 5603 949 5648 catenas
1003 5593 1104 5657 securi,
1114 5589 1223 5662 Libycis
1235 5592 1364 5647 ritiurum
1377 5591 1496 5661 syrtibus
1507 5592 1663 5656 obruemur,
1675 5601 1791 5658 quanta·

159 5663 249 5735 myses
266 5668 444 5738 roiuptstunr.
459 5671 601 5732 iiooacbis
612 5677 690 5735 cibus
715 5680 750 5736 sit
764 5681 826 5738 silis
842 5692 870 5738 ct
898 5699 946 5742 ue·
1003 5699 1056 5756 qne
1069 5699 1203 5741 reuersis
1219 5684 1366 5740 animemia
1381 5689 1520 5739 umectum
1534 5682 1616 5752 buius
1630 5684 1723 5738 seculi
1738 5698 1790 5736 ns-

85 5768 93 5799 t
159 5759 309 5828 medune
323 5757 598 5838 bbrsuieyumim
613 5768 807 5845 interdumque
822 5783 849 5829 et
864 5775 946 5843 pisci·
1003 5777 1079 5832 trist.
1092 5774 1121 5830 st
1136 5776 1317 5848 negotiatores
1333 5775 1413 5846 liujus
1437 5774 1529 5830 seculi
1555 5775 1640 5831 utuim
1668 5776 1789 5847 pericula
