4109 6434
508 456 727 524 *ernostum
749 460 790 522 tu
810 458 931 524 urtsu.
954 456 1004 518 ub
1023 453 1116 519 nou.
1583 444 1637 513 dtt

125 584 191 655 iguis
203 582 260 640 suis
277 583 372 640 dolose
397 581 523 651 agebant.
541 600 550 634 r
566 581 647 638 Aliud
662 595 710 637 ore
736 595 799 651 pro-
813 597 837 652 g
853 580 878 634 id
892 591 947 645 est,
961 594 1021 649 qne
1035 578 1097 633 aliis
1112 589 1164 631 nou
1183 574 1318 630 nocebant
1337 591 1350 627 :.
1361 585 1390 629 ut
1406 571 1635 642 concupiscentia,

125 689 162 741 es,
179 675 251 728 aliud
264 674 346 728 corde
361 673 494 728 solentes.
851 673 980 737 ebrietas,
996 678 1025 726 et
1038 677 1137 724 cetera
1152 666 1322 737 hujusmodi.

125 781 215 824 tenum
230 767 367 836 aspidum.
384 784 394 818 r
412 763 514 820 llorum
526 763 696 836 serpentium
712 756 800 834 pessi·
888 781 898 815 r
915 761 993 816 Nune
1005 770 1096 816 autent
1110 761 1169 816 sine
1184 761 1243 831 lege
1266 759 1371 828 justitia
1389 757 1436 813 llei
1457 756 1635 811 manifestata

127 859 237 913 citasse
259 873 404 913 venenum.
850 861 902 909 est.
923 872 933 906 r
952 850 1008 908 lloe
1023 861 1076 917 eet,
1104 853 1175 921 quod
1199 851 1266 907 dicit
1281 851 1365 921 :quia
1387 849 1503 919 justitia,
1523 863 1584 918 grta
1610 847 1637 903 in

125 947 222 1004 tltbiis
240 964 347 1004 eoruru.
363 968 373 1002 r
390 949 505 1018 Haeret,
525 952 551 1006 in
565 950 657 1007 corde.
849 942 960 999 cbristo
985 942 1186 997 manifestanda
1211 951 1281 1007 crat,
1299 941 1326 995 iu
1352 941 1412 1011 lege
1437 938 1554 993 naturali
1583 952 1636 992 nou

125 1055 244 1095 truruos
263 1041 626 1097 maledictione.rNonest
652 1039 798 1109 uniusge·
850 1045 909 1091 erut
939 1036 1059 1106 cognita.
1084 1036 1252 1093 Testirnonia
1285 1043 1374 1091 autem
1407 1035 1476 1105 legis
1508 1031 1593 1104 lltrpsi
1610 1042 1640 1088 et

127 1131 267 1188 aledirtio.
285 1133 422 1202 Quidquid
439 1135 512 1190 enlm
520 1134 590 1190 malo
603 1142 668 1189 roto
680 1131 795 1196 dicitur,
850 1128 1044 1195 prophetarum
1063 1130 1270 1183 annuntiatione
1286 1127 1481 1196 predicantur.
1493 1125 1560 1179 ltetu
1577 1123 1638 1179 siue

125 1224 168 1281 bio
182 1224 253 1277 mala
271 1224 386 1278 dicitur.
850 1220 908 1290 lege
921 1220 1017 1275 litterae
1031 1218 1138 1290 justitia
1162 1218 1336 1275 manifestata
1351 1239 1358 1275 :
1377 1233 1437 1288 qun
1457 1222 1536 1271 trabis
1551 1215 1637 1284 arans

125 1313 302 1368 rnsrttudtne
319 1313 430 1386 plenum
446 1324 498 1370 est..
518 1334 528 1368 r
556 1314 717 1383 Aruaritudo
732 1329 798 1371 con·
850 1309 936 1366 alleo
951 1310 1053 1366 donata
1070 1321 1124 1376 est,
1149 1327 1201 1365 non
1228 1321 1320 1366 nostro
1341 1310 1434 1365 labore
1459 1309 1587 1381 quesita,
1611 1321 1640 1364 et

125 1414 151 1461 et
166 1405 303 1460 dulcedini
331 1407 477 1460 uerborum
495 1406 552 1461 Dei.
851 1403 972 1472 apertius
999 1417 1050 1473 per
1077 1402 1201 1471 exempla
1224 1403 1339 1471 Gbristi,
1366 1401 1537 1457 evidentiora
1563 1411 1640 1470 pate·

126 1510 190 1551 osee
212 1496 297 1567 pe-lcs
309 1511 404 1551 eorum
420 1497 453 1551 ad
467 1495 659 1553 edurtdendum
684 1500 799 1571 sangui·
851 1493 932 1558 iacta,
950 1509 1010 1564 quac
1023 1492 1144 1548 latebant
1157 1495 1182 1548 iu
1199 1493 1266 1565 lege.

134 1584 199 1643 stre
218 1585 376 1656 simpliciter
397 1588 547 1643 homicidas
562 1588 638 1655 dicit,
666 1588 724 1646 sire
744 1590 799 1643 in·
890 1602 900 1638 r
919 1584 1076 1640 'lestidrata
1093 1585 1184 1652 alege
1206 1595 1234 1640 et
1249 1586 1400 1656 prophetis.
1417 1604 1427 1638 r
1445 1585 1510 1641 Siue
1531 1583 1638 1655 justitia

125 1685 176 1733 tter
208 1677 314 1732 aniruas
344 1678 490 1734 adulando.
522 1679 599 1735 Unde
630 1681 657 1734 in
684 1680 799 1735 Actibus
850 1677 909 1733 bec
924 1675 1072 1746 praedicata
1091 1685 1167 1731 esta
1194 1677 1252 1746 lege
1276 1687 1304 1732 et
1323 1678 1475 1748 propinetis,
1508 1677 1640 1733 iduaris·
1685 1684 1687 1688 ’

125 1783 194 1823 trum
216 1768 285 1823 dicit
312 1769 434 1824 Paulus:
460 1769 576 1825 blundus
592 1788 650 1826 runt
670 1773 703 1827 ud
728 1773 800 1826 omni
851 1771 929 1826 simis
945 1771 1116 1841 temporibus
1133 1780 1340 1825 esserentura:
1364 1770 1423 1826 site
1438 1771 1559 1840 cognitio
1572 1785 1638 1840 pec·

125 1874 149 1914 e.
162 1854 224 1915 Non
239 1862 306 1915 enirn
316 1861 474 1931 subterfugi,
489 1879 541 1933 quo
558 1858 647 1917 urinae
658 1863 729 1919 nolit
750 1881 799 1918 un·
850 1863 904 1919 cati
919 1879 934 1918 a
948 1863 1008 1930 lege
1022 1873 1051 1918 et
1068 1863 1208 1934 prophetis
1226 1861 1411 1949 testimonium
1433 1864 1550 1932 accepit.

125 1967 250 2007 sucurre
265 1954 408 2006 consilinm
435 1953 482 2008 Dei
494 1954 564 2020 (der.
580 1971 626 2021 rt,
638 1955 685 2022 96,
701 1955 760 2027 ti).
815 1924 872 2006 Β,
888 1973 899 2007 r
918 1954 1037 2011 lustitia¹
1052 1965 1145 2010 autem
1161 1955 1208 2010 bei
1225 1968 1273 2021 per
1301 1954 1380 2008 sudent
1393 1951 1457 2008 lesu
1474 1953 1588 2020 Christi,
1613 1954 1640 2008 in

125 2043 216 2101 utritio
231 2055 259 2101 et
274 2044 422 2102 infelicitas
439 2049 465 2100 in
485 2048 536 2102 riis
549 2063 657 2112 eorum,
684 2049 798 2104 etriam
850 2063 947 2104 ornnes
973 2058 999 2103 et
1023 2063 1106 2119 super
1138 2048 1307 2116 ornnes‚qui
1338 2045 1455 2102 eredunt
1478 2048 1505 2101 in
1534 2062 1640 2102 eunt.»

125 2149 156 2191 nn
172 2147 368 2205 cognorerunt.
384 2156 394 2190 r
412 2137 602 2193 conteruntur
630 2147 658 2194 et
673 2138 799 2197 infelices
852 2138 970 2204 lustitia,
986 2153 1042 2210 qua
1062 2138 1183 2194 ereditur
1202 2137 1324 2194 Christo.

125 2226 236 2284 unctu
263 2229 397 2284 doctrinis
426 2244 533 2294 eorum.
559 2229 639 2288 sellu
667 2230 800 2302 exemplis
888 2228 978 2285 elion
1006 2231 1081 2287 enirn
1103 2241 1147 2285 cst
1174 2229 1349 2285 distinctior
1376 2227 1450 2286 lnter
1473 2228 1596 2286 tudnurn
1614 2245 1643 2286 et

125 2320 226 2375 tationis
251 2335 356 2376 rorant.
850 2324 985 2381 Graecum.

124 2411 354 2467 testtlmorbei
373 2413 667 2470 auteoculoseorutn.
690 2415 801 2472 riuti·
889 2416 1024 2473 ‹Orrtrree
1054 2421 1126 2473 eninr
1156 2428 1358 2487 peccarentur,
1390 2429 1418 2477 et
1444 2428 1524 2489 egent
1553 2419 1643 2490 gloria

126 2500 152 2558 ei
163 2504 299 2558 conclusit
311 2519 318 2558 ;
331 2504 409 2581 quisi
425 2506 549 2560 timorem
560 2506 606 2560 Dei
622 2519 801 2574 semperante
852 2509 910 2566 Dei.
927 2528 937 2562 r
953 2507 1022 2576 Quia
1038 2524 1091 2565 nou
1107 2509 1210 2564 babent
1229 2525 1320 2565 suoru.

125 2594 294 2665 habuissent,
321 2613 373 2652 uon
391 2598 484 2668 utique
505 2598 694 2666 deliquissent.
710 2598 802 2671 Neque
889 2598 1063 2655 riustillcati
1089 2601 1173 2671 gratis
1200 2614 1249 2669 per
1276 2599 1392 2670 gratiam
1419 2600 1544 2670 ipsius.»
1576 2598 1642 2655 Sine

125 2684 182 2741 rdet
196 2700 303 2752 servus,
321 2686 436 2742 bortrino
454 2698 597 2758 praesente.
612 2704 735 2759 peccare.
853 2691 906 2746 ulla
919 2706 1032 2761 operum
1045 2693 1152 2747 actione
1167 2707 1215 2760 per
1230 2693 1406 2760 baptismum,
1421 2694 1493 2762 quod
1513 2694 1642 2751 omuibus

125 2789 184 2831 rutts
197 2787 286 2830 autern
299 2778 426 2846 quioniam
448 2793 618 2849 quecunque
646 2780 689 2834 lux
709 2779 799 2851 loqui·
852 2799 906 2838 iton
919 2783 1088 2839 ntereutibus
1104 2784 1189 2854 gratis
1205 2793 1317 2854 peccata
1341 2782 1463 2837 donarit.

125 2868 195 2937 tgui
211 2868 239 2922 in
256 2872 313 2937 lege
329 2879 402 2934 surrt,
415 2869 547 2939 loquitur.
567 2889 578 2923 r
604 2870 644 2926 Ne
663 2872 788 2927 dicerent
890 2894 901 2928 r
922 2873 974 2932 Per
988 2875 1215 2945 redemptionem,
1233 2875 1388 2944 qaeestio
1408 2875 1519 2931 Christo
1532 2875 1609 2933 lesu.
1628 2894 1638 2929 r

126 2956 231 3025 pealrtm
244 2958 415 3028 degentibus
435 2962 521 3027 dicta,
538 2961 670 3023 ostendit.
683 2975 745 3029 quae
771 2961 799 3015 iu
853 2968 911 3034 Qua
926 2983 975 3023 nos
989 2967 1105 3024 redemit
1129 2969 1261 3035 sanguiue
1284 2982 1333 3023 suo
1354 2967 1387 3022 de
1404 2980 1492 3023 morte
1509 2983 1516 3020 :
1536 2968 1579 3023 cni
1595 2982 1643 3036 per

125 3057 155 3105 l·
172 3060 247 3114 ⁸⁰⁰¹,
264 3052 306 3106 1111
324 3055 369 3122 qui
389 3055 416 3107 ln
447 3053 505 3125 leue
531 3063 605 3120 sunt,
624 3051 802 3122 1091110118·
854 3072 995 3130 peceatum
1007 3060 1109 3115 renditi
1134 3060 1274 3115 lucraturus
1291 3077 1299 3113 ε
1314 3061 1462 3114 secundum
1488 3059 1587 3114 isaiam
1600 3060 1642 3113 di·

126 3156 161 3198 ¹¹⁶
181 3140 413 3215 duotttodolutltci
423 3148 551 3201 dixerunt
565 3147 649 3201 Deum
662 3161 715 3200 11011
729 3160 801 3202 θϋὸθ·
854 3164 984 3209 centem:
1003 3150 1125 3206 Prorutis
1150 3152 1242 3205 cestrie
1262 3152 1408 3205 venundati
1426 3151 1641 3219 reticuerunt,

125 3234 182 3306 igue
205 3238 506 3303 verbodixemnused
538 3253 628 3307 opere.
650 3238 717 3293 b'am
735 3245 892 3319 con-(35).
910 3244 998 3312 Quam
1026 3255 1141 3300 mortem
1159 3244 1286 3300 Christus
1314 3243 1379 3297 licit
1406 3244 1470 3313 quia
1497 3257 1551 3295 non
1580 3257 1643 3307 pec·

125 3325 242 3397 'ibidem
251 3343 281 3383 ὅθ
290 3344 379 3394 110151,
396 3330 474 3384 tactis
485 3339 575 3384 autem
588 3330 767 3401 negauerunt.
781 3347 802 3395 1.
855 3340 937 3393 cavit.
961 3336 1063 3392 ornnes
1087 3347 1179 3390 auteur
1207 3338 1246 3390 roi
1272 3350 1382 3391 eramus
1400 3334 1497 3388 tuortis
1519 3334 1589 3388 :cul
1613 3349 1642 3389 se

127 3433 161 3486 go
176 3430 271 3488 gentes
283 3421 326 3476 bic
342 3437 393 3474 non
410 3422 527 3492 appellat
543 3423 608 3494 :qui
624 3423 679 3494 iarn
699 3423 732 3479 de
750 3424 802 3480 illis
854 3427 898 3482 illc
913 3426 1033 3481 indebite
1059 3425 1182 3490 tradidit,
1210 3435 1240 3479 ut
1267 3439 1316 3481 nos
1338 3438 1388 3480 suo
1411 3424 1542 3494 sanguine
1573 3425 1643 3478 redi·

125 3520 196 3566 terat
213 3515 239 3565 in
257 3515 365 3582 propria
382 3530 476 3570 cause.
854 3527 950 3571 meret.
966 3513 1044 3572 Unde
1064 3516 1196 3586 propbeta
1219 3516 1382 3584 predixerat
1405 3531 1413 3569 ι
1435 3512 1526 3569 Gratis
1550 3529 1644 3567 renrrn·

128 3617 209 3657 omne
225 3620 257 3658 os
271 3606 440 3661 obstruatur.
457 3624 467 3658 r
489 3604 546 3660 lion
565 3605 652 3662 solum
667 3606 801 3677 gentium,
852 3609 910 3662 dati
922 3608 996 3674 estis,
1019 3617 1044 3662 et
1060 3608 1117 3662 eine
1141 3609 1253 3676 perarua
1270 3607 1437 3663 redimemini
1458 3605 1567 3677 (litu).
1586 3604 1643 3660 lloc

125 3694 346 3764 tartareorum,
376 3702 507 3774 durunon
536 3699 637 3754 babent
661 3700 802 3769 uudeglu-
853 3707 905 3764 est,
922 3700 985 3768 quia
999 3699 1128 3768 nibilpro
1145 3700 1221 3754 robis
1244 3701 1403 3769 accepistis,
1419 3708 1446 3752 et
1460 3696 1563 3754 Christi
1577 3697 1643 3750 estis

125 3792 203 3847 resim
852 3793 986 3861 sanguiue
1010 3791 1175 3847 redimendi.
1194 3791 1280 3846 Simul
1308 3792 1375 3848 illud
1402 3791 1560 3853 ructandum,
1579 3790 1643 3858 quia

130 3884 553 3941 subditusuarnnmtsmundus
573 3885 640 3941 020,
662 3883 715 3940 ,ιη
733 3901 800 3943 ωυ.
853 3876 968 3931 redemit
993 3893 1121 3943 uonnuu
1150 3879 1321 3947 cntitruuia
1351 3889 1417 3935 ante
1442 3893 1489 3947 per
1512 3887 1641 3932 naturam

125 3979 259 4047 epeccati.
853 3966 940 4036 ipsius
955 3969 1107 4035 fueramus,
1123 3969 1185 4024 licet
1207 3971 1294 4024 simus
1308 3970 1411 4025 nostris
1433 3971 1514 4024 abeo
1531 3968 1642 4023 alicnati

125 4071 147 4125 ia
158 4069 329 4139 exoperibus
344 4069 411 4140 legis
425 4085 481 4124 nou
498 4064 696 4148 justtdcabuur
713 4070 802 4124 nntius
852 4060 971 4114 delictis.
986 4059 1064 4114 'lunc
1076 4076 1142 4115 sanc
1158 4063 1296 4116 fructuosa
1313 4063 1365 4117 erit
1377 4061 1526 4130 redemptio
1537 4067 1642 4125 nostra,

125 4177 178 4217 rain
189 4163 246 4219 illo.
262 4181 271 4214 r
288 4162 365 4217 blodo
378 4179 430 4216 uon
444 4162 623 4228 justilicatttr.
637 4161 701 4217 Sive
716 4177 800 4233 opera
807 4216 819 4244 ἱ
853 4151 877 4205 δῖ
891 4165 1008 4218 limate
1022 4165 1172 4207 ememus·

128 4254 434 4318 irounrcisioncmdictt,
461 4255 615 4321 sabbatum,
636 4265 664 4309 et
688 4264 801 4310 caeteras
891 4245 1008 4310 *0111111
1041 4245 1181 4315 proposuit
1208 4243 1320 4300 Deum
1348 4245 1378 4298 ln
1405 4252 1535 4314 promptu
1578 4249 1643 4295 11118

125 4347 203 4411 tuias,
229 4357 427 4417 quarroutaru
448 4345 737 4416 adiustitiartr‚qunrn
767 4346 800 4400 nd
852 4337 947 4391 oculos
968 4336 1092 4395 ΝοιιιιιΙιιιιι
1119 4339 1234 4408 posuit:
1256 4345 1285 4393 ut
1304 4337 1350 4406 qui
1379 4335 1476 4391 redimi
1501 4335 1569 4399 vult,
1595 4348 1643 4389 ac·

134 4437 255 4495 laetitiaru
283 4436 468 4508 pertinebant.
497 4438 565 4494 ltetn
584 4453 637 4492 trun
659 4438 801 4493 contraria
852 4429 942 4485 cedei·

125 4530 145 4588 lt
169 4529 326 4600 spostolus,
360 4530 486 4598 superius
508 4526 692 4594 dicenszoui
716 4540 802 4584 orten-
891 4520 1128 4591 ‹Propliatorcm
1145 4534 1193 4588 per
1209 4519 1288 4575 ttdern
1304 4520 1331 4575 in
1349 4521 1481 4590 eangttiue
1494 4519 1590 4589 ipsius,
1607 4517 1643 4577 ad

125 4641 159 4680 ue
172 4625 237 4696 legis
251 4625 277 4677 in
309 4624 431 4678 cordibus
450 4623 506 4676 ruis
527 4621 614 4693 (liant¹
637 4637 669 4690 tt,
685 4623 742 4692 ¹5).
767 4620 801 4676 Et
818 4612 1165 4682 bosteusionemiustitiae
1179 4628 1245 4666 sure.
1264 4630 1273 4664 r
1292 4608 1327 4666 Ut
1346 4611 1513 4682 propitietur
1525 4612 1576 4677 eis,
1593 4612 1640 4681 qui

127 4717 177 4794 cit„
192 4733 225 4771 et
240 4717 366 4784 oporibus
383 4718 450 4786 legis
465 4734 518 4772 non
527 4717 674 4788 justificari
689 4732 800 4775 omnem
851 4709 969 4763 credunt
983 4719 1014 4761 se
1034 4704 1093 4774 elus
1108 4703 1242 4774 sanguine
1264 4703 1432 4759 liberandos.

125 4804 269 4863 ‚carnem
287 4819 408 4872 accusat,
437 4811 513 4876 cnjus
547 4810 716 4878 providentia
748 4809 799 4878 tegi
885 4817 899 4853 ,r
922 4796 1038 4866 Propter
1062 4797 1251 4852 remissionem
1285 4796 1498 4865 precedentium
1528 4795 1642 4850 delicto·

125 4900 210 4970 jieere
228 4916 279 4956 non
292 4911 390 4969 potest.
407 4901 462 4955 Lex
482 4902 553 4955 enirn
566 4902 801 4957 ostenderennvir
853 4907 923 4948 rum.
944 4909 954 4943 r
974 4889 1121 4961 Propterea
1138 4904 1235 4957 passus
1251 4899 1294 4944 est
1317 4887 1456 4954 Christus,
1473 4899 1502 4943 ut
1513 4891 1642 4958 proposi·

125 5006 169 5055 tm,
193 5005 248 5046 nnn
282 5003 372 5046 tumen
399 4996 529 5055 ostendit,
556 4991 675 5060 qualiter
702 4990 812 5049 debeat,
854 4996 910 5039 tum
929 4983 977 5038 bei
996 4984 1117 5049 sedaret,
1144 4995 1200 5051 quo
1227 4982 1336 5037 tandem
1363 4981 1460 5050 punire
1484 4982 1642 5035 decrercrat

125 5082 153 5137 tri
167 5099 177 5149 ς
192 5086 221 5137 el
237 5084 337 5138 iterum
354 5085 451 5153 punire
464 5084 558 5146 noxia,
576 5098 628 5136 uon
656 5084 732 5136 daus-
754 5096 802 5137 re·
852 5088 1022 5147 peccatores.

125 5172 287 5246 ptenltcntl5
318 5174 445 5231 cbristus
478 5186 569 5229 autem
609 5173 800 5229 remissionem
891 5170 949 5226 riu
966 5171 1167 5227 sustentatione
1192 5169 1251 5235 Dei,
1270 5171 1306 5226 ad
1320 5171 1505 5226 ostensionem
1526 5166 1642 5236 justitie

125 5284 185 5323 ruut
203 5269 287 5322 durrat
301 5267 487 5329 credentibus.
513 5276 540 5321 et
556 5266 634 5321 docet
660 5265 801 5335 quomodo
852 5263 911 5332 ejus
924 5263 951 5316 in
962 5262 1013 5317 boc
1024 5270 1155 5331 tempore.
1171 5280 1181 5314 r
1195 5259 1262 5316 llult
1276 5262 1420 5316 ostendere
1432 5259 1515 5313 Deum
1529 5258 1640 5330 quidem

125 5360 234 5413 tearrris
256 5356 320 5411 ritis
347 5358 436 5424 vitari,
454 5367 536 5425 atque
559 5357 706 5428 prudentia
723 5371 800 5413 rese·
853 5357 886 5411 ad
899 5357 950 5411 hoc
966 5366 1150 5426 exspectasse,
1168 5365 1197 5413 ut
1223 5359 1332 5411 taudem
1356 5371 1387 5411 se
1403 5359 1574 5424 corrigerent
1589 5357 1638 5409 de·

185 5462 191 5473 ·
853 5451 1022 5519 linquentes:
1037 5449 1101 5507 illos
1117 5463 1181 5504 vero
1207 5449 1278 5504 tuate
1301 5464 1365 5504 usos
1379 5448 1511 5515 patientia
1538 5448 1596 5509 tici.
1615 5447 1641 5500 in

125 5544 227 5615 ¹legem
242 5544 314 5598 enim
328 5544 445 5614 cognitio
464 5544 582 5613 peccati.
599 5561 607 5595 r
624 5541 683 5598 Non
703 5541 802 5599 remis·
847 5544 957 5613 majora
984 5543 1126 5613 prolapsos
1152 5557 1213 5596 esse
1229 5550 1352 5612 peccata.
1369 5539 1446 5595 Urrde
1470 5536 1523 5595 lob
1535 5539 1579 5592 illc
1600 5539 1645 5608 ju·

125 5636 238 5707 peccati,
252 5637 299 5692 sed
317 5635 447 5706 cognitio.
466 5634 530 5690 ldeo
544 5635 616 5689 euim
644 5651 691 5704 per
711 5636 800 5705 legem
852 5635 994 5692 stissiutus
1011 5649 1062 5689 suo
1086 5645 1208 5702 terrtpore
1227 5632 1265 5685 ait
1289 5634 1485 5700 deprecatore
1504 5646 1511 5683 :
1531 5629 1646 5685 buddei

125 5729 143 5782 it
156 5736 309 5798 precatum,
329 5728 489 5797 agnoscitur
505 5740 513 5781 ι
529 5727 593 5795 guia
612 5736 660 5781 aut
677 5725 705 5781 in
731 5725 800 5780 obli·
852 5727 926 5783 Dese
947 5726 1034 5782 brun
1052 5727 1213 5795 poeniteutiae
1227 5739 1236 5779 .·
1250 5732 1275 5777 et
1297 5723 1342 5777 ille
1367 5725 1489 5776 otrrtimr
1511 5741 1542 5777 ro
1559 5726 1586 5778 in
1598 5739 1645 5777 rtr-

125 5830 172 5875 rrst
194 5819 237 5874 ter
262 5830 376 5886 naturae,
404 5831 453 5874 aut
480 5829 543 5874 ante
573 5819 660 5889 legem
690 5818 800 5887 littere,
852 5817 1034 5890 perdiollob,
1059 5817 1208 5887 utrubi).

130 5926 246 5982 queque
260 5926 312 5968 noo
327 5913 561 5981 cognoscebantur
592 5926 653 5969 essc
672 5921 799 5983 peccata,
892 5928 902 5964 r
923 5908 959 5965 lit
981 5910 1018 5968 sit
1044 5911 1102 5983 ipse
1124 5910 1228 5981 iustus,
1244 5919 1271 5966 et
1293 5908 1538 5982 instituerentur.
1553 5907 1660 5974 uum
