4109 6434
203 435 238 503 bl
665 438 851 502 troistest
870 443 906 504 V.
925 431 1151 502 to‘rttsscutt
1168 439 1377 505 AEGROTUM.
1797 440 1835 508 d‘l
1923 387 1927 391 -

204 557 255 624 sis,
273 565 299 610 et
316 555 492 627 asperitatem
509 556 632 613 criminis
654 573 800 629 suppressa
826 557 997 613 cottfessioue
1014 555 1136 626 Batauis
1153 571 1186 611 ae
1201 560 1289 627 stragis
1311 575 1343 614 ae
1364 559 1480 614 maxima
1499 567 1695 615 succrescunt:
1711 561 1834 629 quando-

205 649 353 703 eottllrotas

243 739 287 794 ttt.
306 739 368 794 llaec
381 740 442 794 ideo
456 740 536 808 pardo
549 740 630 794 latius
641 741 764 796 exsecuti
776 756 882 806 sumus,
897 751 926 795 ut
940 749 995 795 tam

207 832 318 887 inuidiae
332 833 446 898 malum,
464 833 542 901 cuijus
557 833 682 887 extimari
703 834 850 888 erudelitas
868 848 922 887 uon
945 848 996 903 po·

208 934 274 986 test,
295 937 374 988 quatu
399 922 427 977 in
454 924 578 991 praesenti
598 924 652 979 vita
678 924 862 978 conditionem
884 923 997 992 justitia

208 1014 399 1081 perderemus,
418 1029 478 1081 quae
492 1016 583 1068 atatim
600 1030 662 1068 curu
679 1017 741 1068 odio
763 1015 805 1070 stti
822 1015 914 1083 erepit.
931 1013 997 1078 Quae

207 1123 242 1161 tre
260 1115 325 1162 tuno
350 1107 461 1175 quida-tu
487 1107 589 1174 alasque
614 1107 697 1161 nntlta
725 1106 910 1173 persecutione
936 1119 996 1161 esse

207 1199 304 1268 potuit,
320 1215 380 1253 cum
400 1215 484 1252 unuur
508 1207 610 1252 tautum
628 1197 740 1253 baberet
758 1198 908 1251 inimicum.
924 1196 996 1253 Etsi

209 1303 264 1346 tam
283 1292 384 1361 grande
400 1293 491 1345 odium
508 1292 542 1345 alr
559 1307 613 1346 ntro
636 1291 715 1346 boste
738 1305 864 1359 perpessa
888 1301 941 1355 est,
967 1298 997 1345 ιιι

208 1400 294 1452 usque
311 1381 345 1436 ad
362 1384 424 1437 vita
448 1383 684 1452 interemptionem
704 1383 818 1445 veniret,
842 1396 895 1433 urm
914 1379 997 1434 lroruo

207 1477 376 1545 quicunque,
400 1481 446 1530 sed
470 1477 565 1538 frater,
582 1475 647 1544 quid
666 1490 699 1528 ex
721 1489 751 1529 ea
775 1483 840 1527 tuuc
860 1474 997 1527 sustinete

207 1584 288 1638 pseu
304 1569 471 1622 credendum
487 1578 530 1622 est
542 1568 678 1637 errru,‘qui
699 1568 790 1622 lrostes
804 1577 842 1621 tot
854 1575 996 1621 extraneos

208 1661 286 1714 Ιιιιιιιι
306 1675 313 1715 :
329 1669 355 1712 et
372 1659 423 1713 uisi
438 1675 485 1728 per
504 1658 600 1713 nrolem
615 1667 701 1713 artatae
716 1658 858 1727 pravitatis
874 1676 888 1710 a
902 1655 996 1710 multis

207 1764 295 1819 potest
312 1754 409 1806 audire
421 1753 556 1807 sociorum
578 1753 693 1821 quisque
713 1752 822 1821 justitiae
839 1750 994 1805 cultorum:

212 1843 312 1904 l'eav'te,
330 1846 566 1897 circumveniamus
578 1845 693 1913 justum,
706 1843 830 1912 quostiam
847 1840 951 1896 inutilis
970 1848 996 1894 et

1048 647 1160 716 quidem
1187 650 1270 704 etiam
1296 652 1452 722 centuplum
1486 662 1628 723 receptura
1656 652 1833 722 promittitur.

1047 737 1107 808 lpse
1121 756 1186 796 vero
1201 740 1278 797 lsaae
1291 744 1390 812 quibus
1405 743 1583 800 tentationum
1608 746 1753 814 generibus
1768 759 1836 814 qua·
1894 786 1896 793 .

1049 831 1128 897 titur,
1143 834 1207 886 dunt
1219 849 1289 889 escae
1303 834 1400 907 [flore
1412 837 1484 909 csse]
1500 838 1618 906 inopiam
1635 840 1736 907 patitur
1748 856 1756 897 ε
1770 839 1834 891 dum

1047 925 1277 997 peregrinationis
1308 931 1446 998 experitur
1468 931 1577 987 labores
1604 948 1611 989 :
1634 931 1697 985 dum
1726 942 1835 999 propter

1048 1019 1142 1074 uxoris
1158 1021 1276 1089 speciem
1293 1023 1404 1077 nimiam
1424 1024 1481 1094 ipse
1507 1026 1614 1088 metuit,
1633 1024 1678 1092 qrii
1699 1024 1835 1078 anxietate

1046 1110 1204 1174 eoudcitur,
1220 1122 1249 1167 et
1270 1128 1303 1165 eo
1328 1113 1386 1182 ipso
1407 1130 1461 1184 trito
1482 1116 1681 1180 oblectabatur,
1707 1115 1834 1184 adfigitur

1047 1214 1108 1254 eunt
1130 1199 1168 1252 illi
1193 1199 1279 1254 forma
1295 1203 1427 1271 eotrjugis,
1442 1220 1503 1273 quas
1522 1205 1548 1258 iu
1563 1205 1708 1258 securitate
1722 1204 1834 1271 placue-

1047 1300 1100 1354 rat,
1115 1293 1143 1344 in
1161 1291 1305 1347 formidine
1323 1295 1496 1363 displicebat,
1510 1298 1574 1351 dunt
1599 1297 1669 1365 regis
1685 1296 1835 1350 anartiatio·

1048 1397 1107 1438 oem
1119 1384 1219 1453 patitur
1231 1400 1239 1438 ι
1253 1387 1315 1443 dum
1328 1400 1388 1439 eatn
1400 1387 1508 1454 quidem
1523 1388 1661 1456 possidere
1672 1388 1717 1441 ‘illi
1730 1388 1834 1454 absque

1047 1474 1147 1529 invidia
1164 1490 1218 1528 nott
1232 1475 1307 1529 licet.
1321 1473 1439 1530 Sanetus
1450 1492 1558 1546 quoque
1568 1476 1654 1532 lacob
1665 1475 1833 1546 quammulta

1047 1565 1159 1634 patitur.
1171 1564 1293 1620 Primum
1306 1581 1367 1620 eunt
1381 1565 1473 1621 fratris
1485 1571 1525 1621 sui
1539 1567 1620 1629 Esau,
1630 1576 1740 1637 propter
1750 1565 1836 1620 coila·

1048 1669 1101 1715 tam
1128 1659 1180 1716 sibi
1210 1660 1450 1724 benedictionem,
1479 1660 1647 1714 mortiferam
1684 1661 1735 1714 sibi
1762 1659 1834 1712 iuri·

1052 1753 1125 1808 tllatn
1156 1754 1313 1809 contraivit:
1328 1768 1388 1807 cum
1398 1752 1457 1821 ejus
1471 1752 1577 1818 odium,
1607 1751 1835 1817 indignationem·

1047 1859 1099 1914 que
1109 1844 1262 1908 declinans,
1276 1846 1309 1898 ad
1327 1843 1419 1899 laban
1437 1846 1511 1898 sotus
1524 1845 1632 1912 pergit:
1648 1857 1709 1898 cnut
1724 1850 1835 1911 propter

206 1937 359 1989 contrarias
383 1945 420 1989 est
442 1936 562 2003 operibus
588 1935 685 1989 trostsis
709 1934 785 2004 (Sari.
810 1949 839 1995 rt.
857 1933 922 2001 liii
941 1931 995 1986 Sed
1012 1901 1034 1956 Β
1049 1950 1160 1990 uxorem
1177 1937 1277 1994 servit:
1291 1937 1582 2005 cumatilectuspousae
1595 1951 1674 1990 soror
1685 1946 1834 1989 uooamata

207 2029 279 2081 dicet
303 2027 401 2096 aliquis
419 2028 569 2096 :Quisquis
595 2029 681 2081 vitare
705 2026 833 2079 invidiam
859 2024 946 2094 cupit,
962 2023 996 2077 ti·
1047 2027 1231 2094 srrppouitur:
1248 2043 1308 2080 rum
1321 2027 1418 2095 prioris
1430 2029 1529 2081 amoris
1540 2029 1649 2092 alamno,
1661 2025 1836 2081 matrimonia

206 2129 279 2170 aveat
293 2119 417 2186 plurilus
435 2117 606 2172 innotescere
635 2118 675 2171 vel
691 2117 809 2187 placere.
825 2115 895 2170 Ecce
905 2116 996 2184 justus
1048 2117 1085 2171 illi
1098 2119 1192 2172 frartde
1204 2121 1421 2186 geurioautur,et
1432 2136 1538 2174 rursum
1548 2134 1658 2188 pronon
1671 2128 1837 2187 optatoeoo·

205 2204 274 2261 Abel
291 2204 382 2261 nullos
398 2205 503 2272 lralurit,
521 2206 620 2275 quibus
634 2208 818 2261 innotesceret
847 2203 996 2270 velplaee·
1047 2208 1778 2280 oubio,septeoniservitiosuiq'ugatur:eitnrfrarrdem
1789 2224 1836 2278 pa·

171 2372 174 2376 ἠ
207 2307 250 2352 set
270 2308 323 2354 :et
349 2308 439 2352 tamen
465 2297 572 2351 invidiae
588 2296 682 2351 odium
706 2298 792 2351 vitare
816 2311 871 2350 nott
897 2295 994 2362 potuit.
1049 2300 1116 2354 titur
1134 2301 1168 2354 de
1179 2305 1325 2358 trrereede:
1341 2317 1402 2357 cnm
1413 2311 1475 2372 post
1487 2303 1722 2372 vigintiaouorunr
1732 2316 1836 2356 meree·

207 2387 288 2442 Errat
304 2388 377 2441 enisu
393 2388 547 2457 quicunque
582 2388 686 2456 absque
711 2385 850 2440 bominum
868 2383 996 2439 amicitiis

207 2480 333 2534 coutrald
358 2495 412 2534 nou
439 2495 518 2549 posse
543 2479 669 2548 opinatur
694 2479 820 2532 invidiam
837 2494 845 2532 ι
863 2493 923 2532 cuut
950 2475 996 2532 illa

207 2588 261 2627 nou
278 2582 331 2626 taur
350 2573 482 2627 ltutnauat
496 2572 642 2638 amicitias,
659 2586 740 2641 qutun
757 2570 842 2626 solam
856 2571 903 2625 Dei
924 2568 996 2624 auti·

208 2664 301 2718 citiam
327 2672 516 2733 persequatur.
543 2661 619 2718 Unde
645 2678 678 2718 ue
700 2662 745 2717 ille
762 2662 869 2732 quidem
893 2662 997 2731 absque

207 2756 316 2811 invidiae
333 2755 508 2811 infestatione
532 2772 593 2812 esse
618 2756 717 2826 potuit,
733 2756 778 2824 qui
806 2755 847 2810 vel
869 2756 921 2811 soli
940 2755 996 2810 beo

208 2849 313 2918 placere
329 2849 464 2914 gestierit.
482 2847 586 2903 Sufficit
598 2848 671 2902 enim
695 2851 728 2902 ad
745 2846 855 2902 invidiae
871 2847 997 2903 stiutuios

1046 2394 1152 2449 nariam
1167 2395 1335 2456 servitutem,
1353 2395 1456 2449 occulta
1470 2394 1555 2463 nvagis
1567 2393 1640 2463 fuga,
1654 2408 1734 2462 quam
1750 2393 1835 2448 libera

1047 2484 1239 2556 proficiscendi
1254 2485 1428 2552 expeditione
1440 2487 1555 2540 discedit
1571 2500 1652 2542 :eunt
1667 2485 1757 2539 laban
1771 2499 1835 2553 per·

1047 2577 1216 2632 secutionem
1235 2578 1311 2631 timet
1329 2593 1337 2633 ι
1354 2593 1415 2631 eum
1434 2577 1526 2632 fratris
1541 2577 1582 2631 sni
1599 2576 1727 2631 formidat
1740 2591 1835 2631 oecur-

1047 2682 1108 2724 sutn
1124 2687 1132 2723 t
1151 2684 1212 2723 cnm
1227 2669 1349 2724 delusam
1371 2670 1454 2723 liliam
1476 2685 1553 2725 stratu
1572 2671 1667 2723 binam
1691 2670 1834 2737 pernorre-

1047 2761 1099 2814 seit
1119 2776 1126 2814 :
1144 2776 1205 2813 cum
1220 2760 1400 2815 dilectissimae
1414 2762 1507 2815 uxoris
1519 2760 1619 2814 liaclrel
1634 2761 1715 2813 funus
1727 2758 1807 2812 deflet
1823 2774 1832 2814 t

1047 2868 1109 2908 euut
1133 2853 1342 2908 dilectissimum
1368 2853 1451 2906 utiam
1473 2851 1529 2925 [At.
1545 2862 1596 2905 tae.
1615 2850 1712 2922 filiurn]
1731 2848 1832 2918 loseplt

208 2939 371 3002 irretiendos,
387 2939 410 2992 sl
426 2949 451 2992 ie
468 2938 506 2992 llll
525 2935 994 3008 platerecogttttvetlt,ultraquetti
1047 2945 1146 2999 acerbo
1173 2943 1268 2998 itinere,
1290 2955 1479 3013 constrinpturu
1506 2961 1520 2998 a
1549 2944 1645 2998 bestiis
1668 2942 1751 3003 dolet,
1770 2941 1834 2996 sine

208 3032 279 3086 allus
303 3045 433 3086 essenon
460 3039 551 3100 p0iesl
587 3028 640 3084 Sed
665 3045 714 3085 nec
738 3040 860 3084 sanctum
886 3028 943 3084 Noe
967 3029 994 3084 itt
1046 3035 1144 3090 solatio
1174 3038 1344 3105 sepulture:
1368 3051 1429 3088 enarr
1458 3032 1617 3103 Beniamin,
1643 3048 1722 3102 quem
1750 3031 1832 3085 etiam

208 3122 333 3190 praeseuti
358 3123 412 3174 viia
437 3120 604 3175 inconcussis
620 3121 774 3175 tectttitaiis
794 3123 914 3186 quietem
939 3120 995 3173 lta-
1047 3134 1236 3195 consumptum
1263 3123 1357 3177 odiose
1384 3124 1514 3193 putabat,
1542 3122 1690 3176 contuierat
1719 3120 1777 3193 [Al.
1809 3121 1837 3175 iu

207 3217 302 3272 buisse
315 3216 503 3285 cegttotlttttts,
519 3214 582 3269 dum
600 3214 700 3282 iniquis
719 3213 913 3268 exsistentibus
927 3227 994 3268 eun·
1010 3237 1031 3292 c
1048 3232 1130 3283 quem
1146 3213 1310 3288 contulerat]
1327 3216 1487 3270 charitatem
1503 3231 1511 3268 t
1528 3226 1554 3268 et
1571 3231 1651 3279 quern
1667 3229 1696 3268 se
1711 3230 1762 3266 uon
1778 3227 1837 3266 aut·

208 3309 271 3371 etis,
286 3311 361 3362 sotus
378 3308 405 3363 io
422 3307 550 3362 universo
565 3306 631 3361 orbe
653 3306 749 3360 nititur
768 3304 993 3374 custodirejusti·
1048 3307 1121 3378 plius
1146 3321 1207 3361 esse
1226 3305 1349 3359 visurum
1379 3306 1525 3359 rtretrtebat.
1552 3303 1680 3357 Defessus
1701 3302 1756 3370 jauo
1782 3312 1837 3356 tarn

211 3402 275 3454 tiam
292 3416 300 3454 t
316 3399 379 3454 dum
395 3415 486 3453 arram
501 3398 630 3462 fabricat,
648 3395 789 3463 reparandi
805 3396 879 3448 orbis
891 3397 994 3450 sertrina

209 3494 393 3547 continentem
408 3510 415 3546 :
429 3491 495 3546 duan
519 3506 549 3545 se
567 3491 658 3543 futuro
680 3488 781 3542 dilutio
805 3500 950 3557 praeparant,
967 3497 995 3540 et

211 3584 288 3638 idem
302 3594 424 3637 vetrturae
437 3582 631 3645 inurulatiouis,
644 3580 735 3636 sedula
751 3595 816 3635 cura
830 3580 972 3634 dettuotiat
986 3595 994 3633 a

209 3676 272 3729 dum
288 3685 341 3728 tam
355 3674 406 3728 sibi
421 3672 580 3741 quantouis,
594 3685 730 3741 utramque
746 3670 851 3724 curretis
867 3669 994 3721 animan·

208 3769 281 3821 tibus
308 3766 436 3820 aliureuta
454 3764 610 3833 conquirit,
635 3763 748 3832 justitias
777 3763 891 3828 merito,
912 3761 992 3814 ritant

208 3860 303 3914 maratis
329 3869 451 3928 tempore
477 3865 665 3912 reservaturus
685 3873 693 3910 ι
714 3857 777 3909 dunt
805 3863 867 3921 post
892 3862 994 3906 tautam

209 3953 349 4006 bominum
368 3947 602 4012 rautnerositatem,
625 3947 714 4002 soltuu
737 3961 767 4001 se
791 3962 852 4000 curu
878 3946 935 4001 suis
953 3960 996 4000 re·

208 4046 342 4100 matrsisse
351 4043 525 4110 superstitem
535 4041 616 4095 dolet.
629 4038 683 4093 Sed
697 4039 822 4094 solatium
839 4053 891 4093 non
905 4035 996 4107 perdit

207 4137 326 4191 desolata
342 4134 461 4203 iustitia,
482 4134 524 4187 eui
548 4132 716 4187 consortium
740 4131 811 4184 Deris
836 4140 894 4194 est,
921 4131 997 4183 ururri

207 4227 366 4284 celebritate
379 4224 512 4281 festivior.
526 4224 596 4279 Eece
611 4235 637 4276 et
653 4223 697 4276 iile
713 4237 769 4277 rem
783 4235 881 4291 passus
893 4221 995 4287 exsilii,

207 4330 348 4391 perempta
374 4317 514 4372 iroruioum
541 4315 711 4385 frequentia,
738 4323 765 4368 et
791 4314 812 4367 si
840 4329 892 4367 nou
920 4314 994 4368 otuui

207 4411 306 4465 solatio
323 4410 468 4464 destitutus
482 4407 578 4478 partis,
594 4417 684 4460 tamen
702 4419 770 4474 pene
784 4405 857 4459 solus
875 4404 995 4470 relictus,

206 4506 316 4577 agnouit
333 4517 363 4557 se
376 4503 490 4556 bortriuo
503 4500 580 4555 valde
594 4501 709 4554 servire.
726 4496 802 4552 Unde
815 4515 868 4551 nott
885 4512 996 4567 triagne-

1051 3399 1131 3452 aunis
1148 3413 1228 3465 quam
1252 3398 1395 3452 laboribus
1416 3411 1509 3461 senex,
1532 3405 1558 3451 et
1582 3395 1839 3465 patcrjostissimus

1051 3491 1214 3560 ingemiscit.
1233 3490 1430 3546 sanctissimus
1445 3489 1526 3542 etiarn
1545 3487 1644 3557 losepir
1660 3490 1693 3541 de
1711 3489 1840 3542 tentatio·

1050 3599 1115 3637 uum
1142 3581 1288 3651 generibus
1311 3581 1484 3635 conflictatur
1499 3590 1526 3634 ιι
1551 3582 1683 3649 quatitur,
1706 3583 1747 3635 eui
1768 3578 1838 3635 acsi

1052 3672 1258 3728 tribulationum
1273 3675 1381 3726 semina
1397 3673 1501 3740 species
1518 3671 1644 3726 videratur
1660 3672 1743 3727 fuisse
1759 3671 1839 3742 justi·

1051 3768 1105 3821 tiae.
1131 3765 1199 3818 llam
1224 3764 1331 3834 quoties
1353 3765 1454 3833 aliquid
1476 3775 1571 3819 sancte
1595 3764 1637 3818 tel
1668 3765 1711 3833 pie
1735 3765 1837 3833 gessit,

1052 3853 1132 3910 toties
1148 3853 1362 3931 intolerabilium
1386 3854 1562 3907 tentationum
1576 3854 1732 3908 discrimina
1746 3854 1838 3909 subire

1051 3944 1207 4012 eonrpulsus
1222 3952 1273 4008 est,
1288 3944 1400 4014 justitior
1417 3946 1599 4009 consortium,
1616 3951 1644 3998 et
1664 3961 1711 4013 spe
1728 3945 1838 3999 coufor-

1051 4046 1125 4091 taute
1140 4036 1291 4104 perdurans
1308 4053 1315 4088 ι
1333 4045 1361 4090 ιι
1375 4035 1554 4089 laborandum
1573 4037 1649 4091 uobis
1665 4027 1711 4101 sit,
1727 4037 1792 4106 quid
1810 4036 1838 4091 in

1050 4142 1083 4182 eo
1098 4127 1237 4182 laudando
1257 4133 1374 4193 patruum
1389 4128 1537 4184 debeamus
1550 4143 1689 4184 assumere
1702 4130 1837 4199 justitiae:

1049 4219 1238 4275 sanctitatisue
1251 4218 1347 4290 [llari.
1363 4220 1580 4293 sanctitatisque]
1596 4225 1837 4290 perseverantiam,

1051 4328 1085 4367 ao
1102 4312 1240 4381 patientiae
1256 4312 1523 4383 aequarrimitatisque
1539 4317 1676 4369 virtutem.
1693 4314 1761 4368 Natu
1777 4330 1839 4370 eum

1050 4403 1171 4458 fraterna
1199 4403 1345 4459 dilectione
1371 4407 1518 4471 saturnium,
1545 4415 1572 4460 ut
1600 4405 1686 4460 frater
1711 4405 1840 4460 fratribus

1049 4492 1203 4559 iudicaret,
1229 4495 1359 4549 luridiaut
1387 4511 1480 4550 eorum
1505 4495 1654 4566 odiumque
1680 4497 1838 4552 cotrtratit:

208 4581 559 4670 praemonstratentium
585 4591 725 4645 bominum
750 4587 908 4645 consolandi
931 4604 991 4659 gra·
1010 4582 1124 4652 liquati
1149 4595 1196 4639 aut
1211 4585 1269 4652 ipse
1299 4601 1328 4640 se
1345 4584 1401 4657 [dt.
1426 4585 1460 4662 si]
1476 4588 1628 4643 somniasse
1643 4587 1776 4654 finxisset,
1793 4597 1840 4643 aut

209 4692 290 4755 tiam,
314 4688 361 4757 qui
385 4683 575 4754 jucttndiorenr
602 4697 633 4736 ao
655 4680 803 4750 pleniorem
829 4679 947 4734 babebat
969 4678 996 4734 itt

208 4786 263 4838 beo
285 4785 423 4836 fiduciata.
440 4778 556 4832 Saucius
579 4791 687 4845 quoque
703 4775 852 4835 Abrabam,
878 4787 939 4842 quae
957 4770 997 4826 vel

206 4886 307 4945 quarata
324 4885 468 4941 perpessus
484 4880 536 4932 est,
555 4869 618 4922 drtrn
639 4868 718 4921 fidem
742 4867 815 4921 solus
838 4865 909 4920 inter
928 4880 997 4920 cuo·

206 4977 266 5021 ctos
290 4974 381 5020 servat
403 4962 559 5017 incredulos
576 4977 584 5019 :
602 4961 664 5013 ιιιιιιι
694 4958 811 5029 patriam
830 4959 862 5011 'et
888 4958 998 5027 propin·

204 5073 275 5128 quos
296 5055 420 5110 deserit:
436 5056 500 5108 dum
527 5050 618 5106 uxoris
635 5050 805 5106 sterilitatem
821 5049 917 5103 dolet:
933 5049 996 5101 dunt

206 5160 318 5221 propter
341 5162 412 5202 eseae
438 5147 569 5214 inopiam,
586 5144 666 5197 modo
681 5143 707 5196 in
729 5141 857 5212 AEqypto,
874 5160 889 5191 a
901 5139 953 5194 odo
968 5141 996 5194 itt

207 5248 279 5294 tersa
298 5238 409 5292 Geraris
425 5234 653 5305 peregrinationis
674 5232 757 5287 seruit
776 5230 911 5300 'najarriasc
928 5229 1002 5311 duur¹

205 5333 276 5386 rnori
290 5337 400 5400 propter
412 5331 506 5382 uxoris
519 5326 747 5396 pulchritudinem
764 5324 841 5377 tintet
852 5340 858 5376 :
870 5322 933 5375 drtm
944 5319 996 5374 sibi

205 5435 326 5495 ereptam
352 5431 449 5476 rrroeret
464 5436 471 5472 :
489 5422 551 5473 dum
579 5415 701 5486 proferre
726 5428 785 5468 eam
813 5426 866 5465 trou
885 5412 994 5477 ruertrit,

205 5517 279 5586 quod
294 5512 443 5581 nouissimi
457 5511 556 5582 judicis
574 5509 618 5563 Dei
635 5524 689 5561 non
705 5515 748 5561 est
762 5520 843 5574 passa
859 5503 966 5573 justitia
987 5517 995 5559 :

205 5609 270 5661 dom
282 5606 390 5673 corpori
400 5605 498 5659 vulnus
508 5603 620 5672 jubetur
629 5599 865 5657 circumcisionem
877 5597 994 5652 inferre:

206 5703 271 5754 dum
287 5699 372 5753 faliunt
387 5714 448 5754 curn
465 5706 553 5750 matre
569 5694 643 5765 ejicit
661 5692 746 5750 :dum
765 5692 792 5746 in
808 5688 883 5744 lsaae
898 5688 996 5742 dilecto

206 5802 327 5849 tentatur
341 5791 426 5845 :dum
439 5788 582 5858 religiosus
597 5786 731 5856 parricida
743 5797 803 5838 esse
817 5778 993 5852 praecipitur:

205 5892 254 5949 sed
276 5887 355 5941 facile
369 5885 401 5942 ιιι
416 5898 523 5939 omnem
536 5886 671 5952 jacturam
688 5878 821 5936 cottseutit
838 5876 936 5941 fidelis,
951 5876 993 5930 cui

1053 4675 1183 4730 visionem
1201 4676 1274 4730 illato
1291 4678 1326 4732 ad
1343 4678 1574 4748 strirjugaudorttm
1598 4695 1630 4732 ac
1650 4683 1838 4733 terrendorum

1051 4766 1181 4821 iudicium
1195 4769 1358 4823 nuntiasset.
1371 4769 1433 4824 lude
1444 4786 1504 4824 cunt
1516 4773 1549 4825 ad
1561 4772 1634 4841 ipsos
1645 4771 1836 4842 cogrrosceudae

1049 4860 1146 4914 saltatis
1157 4875 1253 4915 eorum
1268 4876 1349 4916 causa
1364 4862 1460 4917 fuisset
1473 4878 1487 4916 a
1501 4874 1578 4931 patre
1590 4864 1721 4925 directus,
1750 4862 1837 4930 iujun-

1049 4959 1124 5004 ctum
1150 4951 1202 5006 sibi
1229 4953 1281 5004 iter
1296 4952 1409 5005 festinus
1426 4963 1636 5022 aggressusest,
1652 4970 1706 5024 quo
1723 4954 1839 5010 celerius

1049 5058 1141 5097 eorum
1160 5053 1251 5112 posset
1267 5042 1330 5096 odia
1351 5053 1485 5098 saturare.

1102 5198 1263 5255 ttodt'ttttt
1292 5198 1325 5253 lN
1348 5200 1540 5257 uutstotatt
1562 5203 1783 5272 sentientem.

1084 5311 1148 5368 Visa
1166 5314 1223 5369 lutee
1238 5323 1279 5369 est
1296 5315 1361 5369 olirtt
1380 5315 1494 5372 Erastuo
1509 5333 1562 5373 nott
1579 5319 1753 5373 alrlrorrerea
1770 5320 1840 5390 stylo

1049 5383 1222 5450 Tertulliani,
1245 5395 1389 5454 quantum,
1415 5389 1512 5456 inquit,
1530 5403 1562 5441 et
1588 5388 1661 5443 iliius
1680 5390 1839 5458 fragrarentis

1048 5455 1114 5509 licet
1135 5454 1264 5521 odorari;
1291 5465 1333 5509 est
1355 5457 1428 5510 euim
1447 5458 1597 5511 affectatiur
1611 5467 1638 5510 et
1655 5459 1838 5524 duriusculos,

1047 5525 1156 5578 etiamsi
1169 5526 1297 5594 gravibus
1308 5526 1460 5580 sententiis.
1476 5527 1638 5580 Existimant
1653 5528 1708 5593 aiii,
1722 5530 1839 5584 fortasse

1047 5595 1130 5647 etiam
1143 5606 1326 5662 congruenter
1337 5595 1432 5664 tnagis,
1445 5597 1477 5650 ad
1488 5596 1679 5662 subsequentis
1691 5600 1837 5654 dictionem

1048 5663 1187 5731 Epistulae,
1210 5680 1282 5733 quae,
1308 5666 1416 5718 neruiue
1435 5666 1489 5733 jam
1510 5665 1651 5729 diffitente,
1677 5668 1706 5722 S.
1729 5669 1838 5723 ilatinri

1047 5732 1224 5786 ‘l'aruineosis
1241 5745 1293 5796 est,
1309 5751 1369 5787 caut
1389 5735 1425 5787 ita
1449 5736 1590 5800 accedere,
1609 5745 1638 5789 ut
1655 5747 1758 5794 tanturn
1783 5753 1837 5793 troo

1048 5812 1122 5855 crrtrr
1140 5804 1288 5858 ascribam.
1306 5804 1371 5870 Ego,
1395 5813 1423 5856 ut
1448 5811 1624 5872 pronuntiare
1649 5814 1766 5861 uottdurn
1786 5811 1838 5861 liar.

1049 5872 1083 5926 de
1101 5887 1129 5924 re
1149 5876 1249 5941 ausim,
1272 5875 1358 5928 seatio
1375 5885 1474 5938 tamen,
1490 5890 1601 5946 propos
1617 5881 1650 5933 ad
1665 5882 1758 5934 lroruut
1775 5879 1833 5949 apt·
