<?xml version="1.0" encoding="UTF-8"?>
<!DOCTYPE html PUBLIC "-//W3C//DTD XHTML 1.0 Transitional//EN"
    "http://www.w3.org/TR/xhtml1/DTD/xhtml1-transitional.dtd">
<html xmlns="http://www.w3.org/1999/xhtml" xml:lang="en" lang="en">
 <head>
  <title>
</title>
<meta http-equiv="Content-Type" content="text/html;charset=utf-8" />
  <meta name='ocr-system' content='tesseract 3.04.00' />
  <meta name='ocr-capabilities' content='ocr_page ocr_carea ocr_par ocr_line ocrx_word'/>
</head>
<body>
  <div class='ocr_page' id='page_1' title='image "./patrologiaecurs08goog/patrologiaecurs08goog_0451.png"; bbox 0 0 4109 6434; ppageno 0'>
   <div class='ocr_carea' id='block_1_1' title="bbox 209 495 262 564">
    <p class='ocr_par' dir='ltr' id='par_1_1' title="bbox 209 495 262 564">
     <span class='ocr_line' id='line_1_1' title="bbox 209 495 262 564; baseline 0 0"><span class='ocrx_word' id='word_1_1' title='bbox 209 495 262 564; x_wconf 72' lang='lat' dir='ltr'>lt‘.</span> 
     </span>
    </p>
   </div>
   <div class='ocr_carea' id='block_1_2' title="bbox 717 488 1433 570">
    <p class='ocr_par' dir='ltr' id='par_1_2' title="bbox 717 488 1433 570">
     <span class='ocr_line' id='line_1_2' title="bbox 717 488 1433 570; baseline 0.013 -9"><span class='ocrx_word' id='word_1_2' title='bbox 717 500 925 561; x_wconf 80' lang='lat' dir='ltr'>errosrrro</span> <span class='ocrx_word' id='word_1_3' title='bbox 947 500 989 561; x_wconf 90' lang='lat' dir='ltr'>nt</span> <span class='ocrx_word' id='word_1_4' title='bbox 1009 500 1129 565; x_wconf 86' lang='lat' dir='ltr'>nrtsr.</span> <span class='ocrx_word' id='word_1_5' title='bbox 1144 507 1165 566; x_wconf 91' lang='lat' dir='ltr'>r</span> <span class='ocrx_word' id='word_1_6' title='bbox 1186 507 1236 568; x_wconf 88' lang='grc'>111</span> <span class='ocrx_word' id='word_1_7' title='bbox 1255 488 1433 570; x_wconf 86' lang='lat' dir='ltr'>rtttottt.</span> 
     </span>
    </p>
   </div>
   <div class='ocr_carea' id='block_1_3' title="bbox 1787 505 1841 571">
    <p class='ocr_par' dir='ltr' id='par_1_3' title="bbox 1787 505 1841 571">
     <span class='ocr_line' id='line_1_3' title="bbox 1787 505 1841 571; baseline 0.056 -3"><span class='ocrx_word' id='word_1_8' title='bbox 1787 505 1841 571; x_wconf 69' lang='lat'>022</span> 
     </span>
    </p>
   </div>
   <div class='ocr_carea' id='block_1_4' title="bbox 206 611 1837 686">
    <p class='ocr_par' dir='ltr' id='par_1_4' title="bbox 206 611 1837 686">
     <span class='ocr_line' id='line_1_4' title="bbox 206 611 1837 686; baseline 0.001 -19"><span class='ocrx_word' id='word_1_9' title='bbox 206 611 246 667; x_wconf 77' lang='lat' dir='ltr'>tle</span> <span class='ocrx_word' id='word_1_10' title='bbox 268 611 449 681; x_wconf 71' lang='lat' dir='ltr'>tungistcr‘unr</span> <span class='ocrx_word' id='word_1_11' title='bbox 464 611 514 667; x_wconf 91' lang='lat' dir='ltr'>sibi</span> <span class='ocrx_word' id='word_1_12' title='bbox 547 611 702 682; x_wconf 86' lang='lat' dir='ltr'>trsntpnmlo</span> <span class='ocrx_word' id='word_1_13' title='bbox 719 612 871 680; x_wconf 85' lang='lat' dir='ltr'>superbiat,</span> <span class='ocrx_word' id='word_1_14' title='bbox 887 613 935 667; x_wconf 90' lang='lat' dir='ltr'>sed</span> <span class='ocrx_word' id='word_1_15' title='bbox 954 620 996 666; x_wconf 83' lang='lat' dir='ltr'>ta·</span> <span class='ocrx_word' id='word_1_16' title='bbox 1014 618 1036 673; x_wconf 88' lang='lat' dir='ltr'>tl</span> <span class='ocrx_word' id='word_1_17' title='bbox 1051 617 1189 671; x_wconf 80' lang='lat' dir='ltr'>castitate.</span> <span class='ocrx_word' id='word_1_18' title='bbox 1210 638 1219 670; x_wconf 85' lang='grc'>1</span> <span class='ocrx_word' id='word_1_19' title='bbox 1239 619 1353 672; x_wconf 74' lang='lat' dir='ltr'>Serrium</span> <span class='ocrx_word' id='word_1_20' title='bbox 1374 619 1418 670; x_wconf 77' lang='lat' dir='ltr'>liei</span> <span class='ocrx_word' id='word_1_21' title='bbox 1436 633 1488 672; x_wconf 94' lang='lat' dir='ltr'>nou</span> <span class='ocrx_word' id='word_1_22' title='bbox 1503 624 1608 686; x_wconf 90' lang='lat' dir='ltr'>oportet</span> <span class='ocrx_word' id='word_1_23' title='bbox 1626 615 1741 684; x_wconf 77' lang='lat' dir='ltr'>litigare.</span> <span class='ocrx_word' id='word_1_24' title='bbox 1762 614 1837 670; x_wconf 88' lang='lat' dir='ltr'>Lites</span> 
     </span>
    </p>
   </div>
   <div class='ocr_carea' id='block_1_5' title="bbox 206 705 1009 3253">
    <p class='ocr_par' dir='ltr' id='par_1_5' title="bbox 206 705 456 759">
     <span class='ocr_line' id='line_1_5' title="bbox 206 705 456 759; baseline -0.004 0"><span class='ocrx_word' id='word_1_25' title='bbox 206 713 265 759; x_wconf 69' lang='lat' dir='ltr'>cccl</span> <span class='ocrx_word' id='word_1_26' title='bbox 283 706 308 758; x_wconf 91' lang='lat' dir='ltr'>itt</span> <span class='ocrx_word' id='word_1_27' title='bbox 325 705 456 758; x_wconf 81' lang='lat' dir='ltr'>Ecrlesia.</span> 
     </span>
    </p>

    <p class='ocr_par' dir='ltr' id='par_1_6' title="bbox 207 793 999 1235">
     <span class='ocr_line' id='line_1_6' title="bbox 243 793 996 865; baseline -0.004 -15"><span class='ocrx_word' id='word_1_28' title='bbox 243 812 255 850; x_wconf 80' lang='lat' dir='ltr'>t</span> <span class='ocrx_word' id='word_1_29' title='bbox 272 795 356 849; x_wconf 74' lang='lat' dir='ltr'>uldam</span> <span class='ocrx_word' id='word_1_30' title='bbox 371 799 443 849; x_wconf 86' lang='lat' dir='ltr'>ettittt</span> <span class='ocrx_word' id='word_1_31' title='bbox 461 795 564 865; x_wconf 88' lang='lat' dir='ltr'>pritttus</span> <span class='ocrx_word' id='word_1_32' title='bbox 581 795 715 848; x_wconf 77' lang='lat' dir='ltr'>formatus</span> <span class='ocrx_word' id='word_1_33' title='bbox 742 803 795 858; x_wconf 71' lang='lat' dir='ltr'>est,</span> <span class='ocrx_word' id='word_1_34' title='bbox 812 795 911 850; x_wconf 87' lang='lat' dir='ltr'>deiude</span> <span class='ocrx_word' id='word_1_35' title='bbox 930 793 996 847; x_wconf 81' lang='lat' dir='ltr'>Era.</span> 
     </span>
     <span class='ocr_line' id='line_1_7' title="bbox 208 887 993 949; baseline -0.005 -5"><span class='ocrx_word' id='word_1_36' title='bbox 208 887 242 944; x_wconf 82' lang='lat' dir='ltr'>Et</span> <span class='ocrx_word' id='word_1_37' title='bbox 267 888 352 942; x_wconf 73' lang='lat' dir='ltr'>hilam</span> <span class='ocrx_word' id='word_1_38' title='bbox 381 900 492 941; x_wconf 86' lang='lat' dir='ltr'>nonest</span> <span class='ocrx_word' id='word_1_39' title='bbox 521 890 668 949; x_wconf 84' lang='lat' dir='ltr'>sedrtctus;</span> <span class='ocrx_word' id='word_1_40' title='bbox 691 889 788 941; x_wconf 83' lang='lat' dir='ltr'>mulier</span> <span class='ocrx_word' id='word_1_41' title='bbox 807 900 898 941; x_wconf 79' lang='lat' dir='ltr'>aurern</span> <span class='ocrx_word' id='word_1_42' title='bbox 917 891 993 942; x_wconf 85' lang='lat' dir='ltr'>sedn-</span> 
     </span>
     <span class='ocr_line' id='line_1_8' title="bbox 207 979 999 1049; baseline -0.004 -12"><span class='ocrx_word' id='word_1_43' title='bbox 207 995 264 1037; x_wconf 85' lang='lat' dir='ltr'>ctn.</span> <span class='ocrx_word' id='word_1_44' title='bbox 284 1001 292 1031; x_wconf 89' lang='lat' dir='ltr'>r</span> <span class='ocrx_word' id='word_1_45' title='bbox 313 979 411 1034; x_wconf 80' lang='lat' dir='ltr'>Reddit</span> <span class='ocrx_word' id='word_1_46' title='bbox 429 995 540 1034; x_wconf 85' lang='lat' dir='ltr'>causmn</span> <span class='ocrx_word' id='word_1_47' title='bbox 561 995 645 1041; x_wconf 67' lang='lat' dir='ltr'>terrare</span> <span class='ocrx_word' id='word_1_48' title='bbox 671 994 718 1034; x_wconf 83' lang='lat' dir='ltr'>eas</span> <span class='ocrx_word' id='word_1_49' title='bbox 735 981 798 1033; x_wconf 80' lang='lat' dir='ltr'>uelit</span> <span class='ocrx_word' id='word_1_50' title='bbox 821 996 882 1034; x_wconf 88' lang='lat' dir='ltr'>esse</span> <span class='ocrx_word' id='word_1_51' title='bbox 907 982 999 1049; x_wconf 85' lang='lat' dir='ltr'>subje-</span> 
     </span>
     <span class='ocr_line' id='line_1_9' title="bbox 207 1051 996 1142; baseline -0.004 -11"><span class='ocrx_word' id='word_1_52' title='bbox 207 1090 266 1131; x_wconf 69' lang='lat' dir='ltr'>c¹a=</span> <span class='ocrx_word' id='word_1_53' title='bbox 282 1091 289 1129; x_wconf 88' lang='lat'>:</span> <span class='ocrx_word' id='word_1_54' title='bbox 307 1074 422 1136; x_wconf 86' lang='lat' dir='ltr'>scilicet,</span> <span class='ocrx_word' id='word_1_55' title='bbox 442 1076 504 1141; x_wconf 86' lang='lat' dir='ltr'>qula</span> <span class='ocrx_word' id='word_1_56' title='bbox 523 1083 548 1127; x_wconf 92' lang='lat' dir='ltr'>et</span> <span class='ocrx_word' id='word_1_57' title='bbox 570 1051 737 1142; x_wconf 72' lang='lat' dir='ltr'>posteriorcs&#39;</span> <span class='ocrx_word' id='word_1_58' title='bbox 754 1074 780 1127; x_wconf 94' lang='lat' dir='ltr'>in</span> <span class='ocrx_word' id='word_1_59' title='bbox 798 1072 902 1128; x_wconf 79' lang='lat' dir='ltr'>luctum</span> <span class='ocrx_word' id='word_1_60' title='bbox 922 1084 996 1138; x_wconf 89' lang='lat' dir='ltr'>snut,</span> 
     </span>
     <span class='ocr_line' id='line_1_10' title="bbox 209 1163 506 1235; baseline -0.007 -16"><span class='ocrx_word' id='word_1_61' title='bbox 209 1176 237 1219; x_wconf 86' lang='lat' dir='ltr'>ct</span> <span class='ocrx_word' id='word_1_62' title='bbox 253 1164 357 1235; x_wconf 79' lang='lat' dir='ltr'>priores</span> <span class='ocrx_word' id='word_1_63' title='bbox 374 1164 402 1218; x_wconf 93' lang='lat' dir='ltr'>in</span> <span class='ocrx_word' id='word_1_64' title='bbox 417 1163 506 1234; x_wconf 83' lang='lat' dir='ltr'>culpa.</span> 
     </span>
    </p>

    <p class='ocr_par' dir='ltr' id='par_1_7' title="bbox 209 1255 1003 2142">
     <span class='ocr_line' id='line_1_11' title="bbox 250 1255 1000 1326; baseline 0.003 -18"><span class='ocrx_word' id='word_1_65' title='bbox 250 1277 259 1308; x_wconf 83' lang='lat' dir='ltr'>r</span> <span class='ocrx_word' id='word_1_66' title='bbox 281 1258 308 1310; x_wconf 95' lang='lat' dir='ltr'>ln</span> <span class='ocrx_word' id='word_1_67' title='bbox 328 1255 552 1325; x_wconf 74' lang='lat' dir='ltr'>prevaricatione</span> <span class='ocrx_word' id='word_1_68' title='bbox 567 1255 629 1310; x_wconf 81' lang='lat' dir='ltr'>luit.</span> <span class='ocrx_word' id='word_1_69' title='bbox 651 1255 807 1310; x_wconf 75' lang='lat' dir='ltr'>Snlrnhitur</span> <span class='ocrx_word' id='word_1_70' title='bbox 828 1268 918 1310; x_wconf 89' lang='lat' dir='ltr'>antem</span> <span class='ocrx_word' id='word_1_71' title='bbox 951 1271 1000 1326; x_wconf 90' lang='lat' dir='ltr'>per</span> 
     </span>
     <span class='ocr_line' id='line_1_12' title="bbox 209 1349 1001 1418; baseline -0.003 -13"><span class='ocrx_word' id='word_1_72' title='bbox 209 1350 332 1405; x_wconf 85' lang='lat' dir='ltr'>illiorum</span> <span class='ocrx_word' id='word_1_73' title='bbox 364 1349 581 1418; x_wconf 66' lang='lat' dir='ltr'><strong>generationem.</strong></span> <span class='ocrx_word' id='word_1_74' title='bbox 607 1368 616 1401; x_wconf 87' lang='grc'>1</span> <span class='ocrx_word' id='word_1_75' title='bbox 646 1349 673 1402; x_wconf 89' lang='grc'>111</span> <span class='ocrx_word' id='word_1_76' title='bbox 701 1350 924 1417; x_wconf 69' lang='lat' dir='ltr'>prevaricatione</span> <span class='ocrx_word' id='word_1_77' title='bbox 950 1349 1001 1403; x_wconf 85' lang='lat' dir='ltr'>init</span> 
     </span>
     <span class='ocr_line' id='line_1_13' title="bbox 211 1441 1001 1511; baseline -0.003 -13"><span class='ocrx_word' id='word_1_78' title='bbox 211 1444 347 1498; x_wconf 85' lang='lat' dir='ltr'>uratulati.</span> <span class='ocrx_word' id='word_1_79' title='bbox 367 1441 419 1496; x_wconf 84' lang='lat' dir='ltr'>Sed</span> <span class='ocrx_word' id='word_1_80' title='bbox 439 1457 492 1495; x_wconf 93' lang='lat' dir='ltr'>non</span> <span class='ocrx_word' id='word_1_81' title='bbox 507 1441 567 1495; x_wconf 88' lang='lat' dir='ltr'>ideo</span> <span class='ocrx_word' id='word_1_82' title='bbox 582 1441 705 1510; x_wconf 85' lang='lat' dir='ltr'>desperet</span> <span class='ocrx_word' id='word_1_83' title='bbox 732 1441 838 1503; x_wconf 80' lang='lat' dir='ltr'>mulier,</span> <span class='ocrx_word' id='word_1_84' title='bbox 869 1443 931 1510; x_wconf 88' lang='lat' dir='ltr'>qnia</span> <span class='ocrx_word' id='word_1_85' title='bbox 953 1457 1001 1511; x_wconf 92' lang='lat' dir='ltr'>per</span> 
     </span>
     <span class='ocr_line' id='line_1_14' title="bbox 210 1533 1001 1603; baseline -0.003 -15"><span class='ocrx_word' id='word_1_86' title='bbox 210 1535 388 1603; x_wconf 84' lang='lat' dir='ltr'>baptismum,</span> <span class='ocrx_word' id='word_1_87' title='bbox 402 1533 473 1602; x_wconf 86' lang='lat' dir='ltr'>qnod</span> <span class='ocrx_word' id='word_1_88' title='bbox 487 1543 529 1587; x_wconf 90' lang='lat' dir='ltr'>cst</span> <span class='ocrx_word' id='word_1_89' title='bbox 544 1533 659 1586; x_wconf 88' lang='lat' dir='ltr'>liliuttttn</span> <span class='ocrx_word' id='word_1_90' title='bbox 677 1534 825 1602; x_wconf 74' lang='lat' dir='ltr'>generatio,</span> <span class='ocrx_word' id='word_1_91' title='bbox 845 1534 901 1603; x_wconf 88' lang='lat' dir='ltr'>ipsa</span> <span class='ocrx_word' id='word_1_92' title='bbox 914 1534 1001 1588; x_wconf 85' lang='lat' dir='ltr'>salra-</span> 
     </span>
     <span class='ocr_line' id='line_1_15' title="bbox 211 1623 1001 1691; baseline -0.001 -9"><span class='ocrx_word' id='word_1_93' title='bbox 211 1626 288 1682; x_wconf 83' lang='lat' dir='ltr'>b‘ttur</span> <span class='ocrx_word' id='word_1_94' title='bbox 307 1644 313 1680; x_wconf 94' lang='lat'><strong>:</strong></span> <span class='ocrx_word' id='word_1_95' title='bbox 331 1641 383 1679; x_wconf 92' lang='lat' dir='ltr'>non</span> <span class='ocrx_word' id='word_1_96' title='bbox 398 1623 465 1691; x_wconf 85' lang='lat' dir='ltr'>Era,</span> <span class='ocrx_word' id='word_1_97' title='bbox 489 1626 534 1680; x_wconf 84' lang='lat' dir='ltr'>sed</span> <span class='ocrx_word' id='word_1_98' title='bbox 551 1625 666 1680; x_wconf 85' lang='lat' dir='ltr'>credens</span> <span class='ocrx_word' id='word_1_99' title='bbox 683 1627 793 1679; x_wconf 90' lang='lat' dir='ltr'>mulier.</span> <span class='ocrx_word' id='word_1_100' title='bbox 810 1624 877 1689; x_wconf 85' lang='lat' dir='ltr'><strong>Quia</strong></span> <span class='ocrx_word' id='word_1_101' title='bbox 897 1624 950 1678; x_wconf 82' lang='lat' dir='ltr'>Era</span> <span class='ocrx_word' id='word_1_102' title='bbox 967 1627 1001 1681; x_wconf 88' lang='lat' dir='ltr'>ad</span> 
     </span>
     <span class='ocr_line' id='line_1_16' title="bbox 211 1715 1002 1785; baseline -0.008 -14"><span class='ocrx_word' id='word_1_103' title='bbox 211 1716 366 1785; x_wconf 81' lang='lat' dir='ltr'>eueinplmn</span> <span class='ocrx_word' id='word_1_104' title='bbox 392 1715 507 1770; x_wconf 86' lang='lat' dir='ltr'>adducta</span> <span class='ocrx_word' id='word_1_105' title='bbox 525 1727 566 1771; x_wconf 90' lang='lat' dir='ltr'>est</span> <span class='ocrx_word' id='word_1_106' title='bbox 582 1716 733 1770; x_wconf 76' lang='lat' dir='ltr'>creationis</span> <span class='ocrx_word' id='word_1_107' title='bbox 752 1733 758 1769; x_wconf 89' lang='lat'>:</span> <span class='ocrx_word' id='word_1_108' title='bbox 778 1731 830 1770; x_wconf 93' lang='lat' dir='ltr'>nou</span> <span class='ocrx_word' id='word_1_109' title='bbox 862 1718 893 1768; x_wconf 91' lang='lat' dir='ltr'>de</span> <span class='ocrx_word' id='word_1_110' title='bbox 917 1715 1002 1781; x_wconf 62' lang='lat' dir='ltr'>ipsius</span> 
     </span>
     <span class='ocr_line' id='line_1_17' title="bbox 212 1805 1002 1878; baseline 0 -20"><span class='ocrx_word' id='word_1_111' title='bbox 212 1810 300 1864; x_wconf 82' lang='lat' dir='ltr'>saline</span> <span class='ocrx_word' id='word_1_112' title='bbox 312 1808 420 1877; x_wconf 81' lang='lat' dir='ltr'>proprie</span> <span class='ocrx_word' id='word_1_113' title='bbox 434 1809 611 1863; x_wconf 85' lang='lat' dir='ltr'>tractabatur.</span> <span class='ocrx_word' id='word_1_114' title='bbox 628 1807 775 1871; x_wconf 75' lang='lat' dir='ltr'>Crateron,</span> <span class='ocrx_word' id='word_1_115' title='bbox 792 1807 928 1878; x_wconf 79' lang='lat' dir='ltr'>quomedo</span> <span class='ocrx_word' id='word_1_116' title='bbox 950 1805 1002 1871; x_wconf 80' lang='lat' dir='ltr'>iu·</span> 
     </span>
     <span class='ocr_line' id='line_1_18' title="bbox 214 1897 1001 1970; baseline -0.008 -13"><span class='ocrx_word' id='word_1_117' title='bbox 214 1902 288 1957; x_wconf 79' lang='lat' dir='ltr'>stitia</span> <span class='ocrx_word' id='word_1_118' title='bbox 303 1900 370 1962; x_wconf 81' lang='lat' dir='ltr'>iusti</span> <span class='ocrx_word' id='word_1_119' title='bbox 382 1915 466 1969; x_wconf 89' lang='lat' dir='ltr'>super</span> <span class='ocrx_word' id='word_1_120' title='bbox 479 1901 565 1969; x_wconf 88' lang='lat' dir='ltr'>ipsum</span> <span class='ocrx_word' id='word_1_121' title='bbox 582 1902 644 1964; x_wconf 88' lang='lat' dir='ltr'>erit,</span> <span class='ocrx_word' id='word_1_122' title='bbox 663 1913 687 1955; x_wconf 90' lang='lat' dir='ltr'>et</span> <span class='ocrx_word' id='word_1_123' title='bbox 706 1902 842 1970; x_wconf 87' lang='lat' dir='ltr'>qrronrodo</span> <span class='ocrx_word' id='word_1_124' title='bbox 858 1899 924 1964; x_wconf 84' lang='lat' dir='ltr'>Noe,</span> <span class='ocrx_word' id='word_1_125' title='bbox 939 1897 1001 1962; x_wconf 83' lang='lat' dir='ltr'>lob,</span> 
     </span>
     <span class='ocr_line' id='line_1_19' title="bbox 212 1991 1003 2062; baseline -0.001 -16"><span class='ocrx_word' id='word_1_126' title='bbox 212 2003 240 2048; x_wconf 82' lang='lat' dir='ltr'>et</span> <span class='ocrx_word' id='word_1_127' title='bbox 254 1994 349 2048; x_wconf 84' lang='lat' dir='ltr'>Daniel</span> <span class='ocrx_word' id='word_1_128' title='bbox 366 1995 435 2048; x_wconf 84' lang='lat' dir='ltr'>tilios</span> <span class='ocrx_word' id='word_1_129' title='bbox 452 2009 516 2049; x_wconf 90' lang='lat' dir='ltr'>suos</span> <span class='ocrx_word' id='word_1_130' title='bbox 537 1994 690 2050; x_wconf 82' lang='lat' dir='ltr'>liberabunt</span> <span class='ocrx_word' id='word_1_131' title='bbox 712 2011 718 2048; x_wconf 91' lang='lat'><strong>:</strong></span> <span class='ocrx_word' id='word_1_132' title='bbox 746 1994 786 2050; x_wconf 84' lang='lat' dir='ltr'>sic</span> <span class='ocrx_word' id='word_1_133' title='bbox 801 2008 849 2062; x_wconf 83' lang='lat' dir='ltr'>pet·</span> <span class='ocrx_word' id='word_1_134' title='bbox 866 1993 935 2047; x_wconf 86' lang='lat' dir='ltr'>lilios</span> <span class='ocrx_word' id='word_1_135' title='bbox 950 1991 1003 2045; x_wconf 78' lang='lat' dir='ltr'>Erat</span> 
     </span>
     <span class='ocr_line' id='line_1_20' title="bbox 213 2086 375 2142; baseline 0 -6"><span class='ocrx_word' id='word_1_136' title='bbox 213 2086 375 2142; x_wconf 74' lang='lat' dir='ltr'>salvabitur.</span> 
     </span>
    </p>

    <p class='ocr_par' dir='ltr' id='par_1_8' title="bbox 213 2173 1005 2425">
     <span class='ocr_line' id='line_1_21' title="bbox 254 2173 1003 2245; baseline 0 -19"><span class='ocrx_word' id='word_1_137' title='bbox 254 2193 264 2226; x_wconf 91' lang='lat' dir='ltr'>t</span> <span class='ocrx_word' id='word_1_138' title='bbox 285 2174 313 2229; x_wconf 86' lang='lat' dir='ltr'>Si</span> <span class='ocrx_word' id='word_1_139' title='bbox 339 2175 551 2244; x_wconf 77' lang='lat' dir='ltr'><strong>permanserint.</strong></span> <span class='ocrx_word' id='word_1_140' title='bbox 577 2194 585 2226; x_wconf 84' lang='grc'>1</span> <span class='ocrx_word' id='word_1_141' title='bbox 607 2176 823 2245; x_wconf 86' lang='lat' dir='ltr'>Sicutsttperius</span> <span class='ocrx_word' id='word_1_142' title='bbox 848 2175 881 2230; x_wconf 90' lang='lat' dir='ltr'>de</span> <span class='ocrx_word' id='word_1_143' title='bbox 906 2173 1003 2244; x_wconf 73' lang='lat' dir='ltr'>plurali</span> 
     </span>
     <span class='ocr_line' id='line_1_22' title="bbox 216 2266 1005 2338; baseline -0.006 -15"><span class='ocrx_word' id='word_1_144' title='bbox 216 2283 333 2323; x_wconf 86' lang='lat' dir='ltr'>munero</span> <span class='ocrx_word' id='word_1_145' title='bbox 360 2267 517 2332; x_wconf 82' lang='lat' dir='ltr'>rnnlierunr,</span> <span class='ocrx_word' id='word_1_146' title='bbox 544 2269 576 2322; x_wconf 87' lang='lat' dir='ltr'>ad</span> <span class='ocrx_word' id='word_1_147' title='bbox 597 2270 762 2338; x_wconf 78' lang='lat' dir='ltr'>singularem</span> <span class='ocrx_word' id='word_1_148' title='bbox 788 2269 891 2330; x_wconf 80' lang='lat' dir='ltr'>diceus.</span> <span class='ocrx_word' id='word_1_149' title='bbox 907 2266 1005 2321; x_wconf 87' lang='lat' dir='ltr'>dlulirr</span> 
     </span>
     <span class='ocr_line' id='line_1_23' title="bbox 213 2356 951 2425; baseline -0.003 -14"><span class='ocrx_word' id='word_1_150' title='bbox 213 2358 242 2411; x_wconf 83' lang='lat' dir='ltr'>itt</span> <span class='ocrx_word' id='word_1_151' title='bbox 258 2356 363 2410; x_wconf 82' lang='lat' dir='ltr'>silentio</span> <span class='ocrx_word' id='word_1_152' title='bbox 378 2358 483 2421; x_wconf 78' lang='lat' dir='ltr'>discor.</span> <span class='ocrx_word' id='word_1_153' title='bbox 502 2360 537 2410; x_wconf 84' lang='lat' dir='ltr'>ita</span> <span class='ocrx_word' id='word_1_154' title='bbox 554 2368 579 2411; x_wconf 91' lang='lat' dir='ltr'>et</span> <span class='ocrx_word' id='word_1_155' title='bbox 598 2359 642 2411; x_wconf 90' lang='lat' dir='ltr'>bic</span> <span class='ocrx_word' id='word_1_156' title='bbox 664 2357 743 2410; x_wconf 84' lang='lat' dir='ltr'>rediit</span> <span class='ocrx_word' id='word_1_157' title='bbox 756 2362 788 2410; x_wconf 89' lang='lat' dir='ltr'>al</span> <span class='ocrx_word' id='word_1_158' title='bbox 808 2357 951 2425; x_wconf 78' lang='lat' dir='ltr'>pluralem.</span> 
     </span>
    </p>

    <p class='ocr_par' dir='ltr' id='par_1_9' title="bbox 215 2446 1006 2609">
     <span class='ocr_line' id='line_1_24' title="bbox 256 2446 1006 2509; baseline 0 -12"><span class='ocrx_word' id='word_1_159' title='bbox 256 2446 311 2500; x_wconf 78' lang='lat' dir='ltr'>cin</span> <span class='ocrx_word' id='word_1_160' title='bbox 337 2446 389 2500; x_wconf 80' lang='lat' dir='ltr'>sule</span> <span class='ocrx_word' id='word_1_161' title='bbox 414 2456 441 2500; x_wconf 86' lang='lat' dir='ltr'>et</span> <span class='ocrx_word' id='word_1_162' title='bbox 468 2447 623 2503; x_wconf 68' lang='lat' dir='ltr'>dilectione.</span> <span class='ocrx_word' id='word_1_163' title='bbox 647 2467 656 2500; x_wconf 87' lang='grc'>1</span> <span class='ocrx_word' id='word_1_164' title='bbox 681 2446 795 2509; x_wconf 80' lang='lat' dir='ltr'>Christi,</span> <span class='ocrx_word' id='word_1_165' title='bbox 815 2457 840 2500; x_wconf 87' lang='lat' dir='ltr'>et</span> <span class='ocrx_word' id='word_1_166' title='bbox 859 2446 1006 2499; x_wconf 76' lang='lat' dir='ltr'>dilectione</span> 
     </span>
     <span class='ocr_line' id='line_1_25' title="bbox 215 2539 412 2609; baseline 0.005 -18"><span class='ocrx_word' id='word_1_167' title='bbox 215 2539 412 2609; x_wconf 82' lang='lat' dir='ltr'>proximorum.</span> 
     </span>
    </p>

    <p class='ocr_par' dir='ltr' id='par_1_10' title="bbox 215 2627 1008 3053">
     <span class='ocr_line' id='line_1_26' title="bbox 259 2627 1005 2693; baseline -0.005 -13"><span class='ocrx_word' id='word_1_168' title='bbox 259 2647 268 2680; x_wconf 90' lang='lat' dir='ltr'>t</span> <span class='ocrx_word' id='word_1_169' title='bbox 287 2628 319 2682; x_wconf 86' lang='lat' dir='ltr'>Et</span> <span class='ocrx_word' id='word_1_170' title='bbox 330 2629 550 2683; x_wconf 70' lang='lat' dir='ltr'>sanctificatione</span> <span class='ocrx_word' id='word_1_171' title='bbox 562 2643 623 2681; x_wconf 91' lang='lat' dir='ltr'>cum</span> <span class='ocrx_word' id='word_1_172' title='bbox 638 2630 799 2683; x_wconf 74' lang='lat' dir='ltr'>sobrietate.</span> <span class='ocrx_word' id='word_1_173' title='bbox 816 2646 824 2677; x_wconf 89' lang='grc'>1</span> <span class='ocrx_word' id='word_1_174' title='bbox 842 2627 1005 2693; x_wconf 85' lang='lat' dir='ltr'>Notandum,</span> 
     </span>
     <span class='ocr_line' id='line_1_27' title="bbox 215 2722 1006 2794; baseline 0.001 -20"><span class='ocrx_word' id='word_1_175' title='bbox 215 2722 290 2794; x_wconf 79' lang='lat' dir='ltr'>qrrod</span> <span class='ocrx_word' id='word_1_176' title='bbox 308 2723 363 2778; x_wconf 87' lang='lat' dir='ltr'>solu</span> <span class='ocrx_word' id='word_1_177' title='bbox 379 2723 444 2778; x_wconf 86' lang='lat' dir='ltr'>lides</span> <span class='ocrx_word' id='word_1_178' title='bbox 458 2723 489 2777; x_wconf 81' lang='lat' dir='ltr'>acl</span> <span class='ocrx_word' id='word_1_179' title='bbox 516 2724 628 2778; x_wconf 78' lang='lat' dir='ltr'>sulutem</span> <span class='ocrx_word' id='word_1_180' title='bbox 642 2724 678 2787; x_wconf 86' lang='lat' dir='ltr'>ei,</span> <span class='ocrx_word' id='word_1_181' title='bbox 696 2723 740 2792; x_wconf 83' lang='lat' dir='ltr'>qrri</span> <span class='ocrx_word' id='word_1_182' title='bbox 759 2734 820 2791; x_wconf 89' lang='lat' dir='ltr'>post</span> <span class='ocrx_word' id='word_1_183' title='bbox 844 2723 1006 2791; x_wconf 90' lang='lat' dir='ltr'>baptisrnutu</span> 
     </span>
     <span class='ocr_line' id='line_1_28' title="bbox 216 2814 1008 2886; baseline -0.006 -15"><span class='ocrx_word' id='word_1_184' title='bbox 216 2815 407 2886; x_wconf 78' lang='lat' dir='ltr'>supervixerit,</span> <span class='ocrx_word' id='word_1_185' title='bbox 424 2833 477 2869; x_wconf 92' lang='lat' dir='ltr'>non</span> <span class='ocrx_word' id='word_1_186' title='bbox 499 2814 624 2880; x_wconf 83' lang='lat' dir='ltr'>sufficiat,</span> <span class='ocrx_word' id='word_1_187' title='bbox 643 2816 694 2869; x_wconf 83' lang='lat' dir='ltr'>nisi</span> <span class='ocrx_word' id='word_1_188' title='bbox 707 2818 879 2868; x_wconf 79' lang='lat' dir='ltr'>saturitatem</span> <span class='ocrx_word' id='word_1_189' title='bbox 910 2814 1008 2866; x_wconf 82' lang='lat' dir='ltr'>tuentis</span> 
     </span>
     <span class='ocr_line' id='line_1_29' title="bbox 217 2903 1008 2977; baseline -0.004 -16"><span class='ocrx_word' id='word_1_190' title='bbox 217 2917 246 2962; x_wconf 86' lang='lat' dir='ltr'>et</span> <span class='ocrx_word' id='word_1_191' title='bbox 263 2907 385 2975; x_wconf 86' lang='lat' dir='ltr'>corporis</span> <span class='ocrx_word' id='word_1_192' title='bbox 412 2909 533 2962; x_wconf 85' lang='lat' dir='ltr'>babeat:</span> <span class='ocrx_word' id='word_1_193' title='bbox 558 2922 617 2977; x_wconf 74' lang='lat' dir='ltr'>ryuae</span> <span class='ocrx_word' id='word_1_194' title='bbox 635 2907 692 2961; x_wconf 89' lang='lat' dir='ltr'>sinc</span> <span class='ocrx_word' id='word_1_195' title='bbox 720 2908 869 2962; x_wconf 62' lang='lat' dir='ltr'>sobrietate</span> <span class='ocrx_word' id='word_1_196' title='bbox 899 2903 1008 2959; x_wconf 88' lang='lat' dir='ltr'>dillicilo</span> 
     </span>
     <span class='ocr_line' id='line_1_30' title="bbox 217 2999 381 3053; baseline 0 0"><span class='ocrx_word' id='word_1_197' title='bbox 217 2999 381 3053; x_wconf 89' lang='lat' dir='ltr'>custoditur.</span> 
     </span>
    </p>

    <p class='ocr_par' dir='ltr' id='par_1_11' title="bbox 261 3090 1009 3253">
     <span class='ocr_line' id='line_1_31' title="bbox 522 3090 707 3148; baseline 0.005 -2"><span class='ocrx_word' id='word_1_198' title='bbox 522 3090 636 3148; x_wconf 80' lang='lat' dir='ltr'>CAPUT</span> <span class='ocrx_word' id='word_1_199' title='bbox 663 3090 707 3147; x_wconf 88' lang='lat' dir='ltr'>tlt.</span> 
     </span>
     <span class='ocr_line' id='line_1_32' title="bbox 261 3178 1009 3253; baseline -0.008 -16"><span class='ocrx_word' id='word_1_200' title='bbox 261 3197 270 3228; x_wconf 80' lang='lat' dir='ltr'>t</span> <span class='ocrx_word' id='word_1_201' title='bbox 294 3182 393 3237; x_wconf 85' lang='lat' dir='ltr'>Fidelis</span> <span class='ocrx_word' id='word_1_202' title='bbox 413 3197 524 3237; x_wconf 87' lang='lat' dir='ltr'>sermo:</span> <span class='ocrx_word' id='word_1_203' title='bbox 545 3183 572 3237; x_wconf 87' lang='lat' dir='ltr'>Si</span> <span class='ocrx_word' id='word_1_204' title='bbox 601 3184 662 3252; x_wconf 83' lang='lat' dir='ltr'>tynis</span> <span class='ocrx_word' id='word_1_205' title='bbox 689 3183 875 3253; x_wconf 85' lang='lat' dir='ltr'>episcopatum</span> <span class='ocrx_word' id='word_1_206' title='bbox 903 3178 1009 3234; x_wconf 87' lang='lat' dir='ltr'>deside·</span> 
     </span>
    </p>
   </div>
   <div class='ocr_carea' id='block_1_6' title="bbox 1050 707 1851 3256">
    <p class='ocr_par' dir='ltr' id='par_1_12' title="bbox 1050 707 1837 780">
     <span class='ocr_line' id='line_1_33' title="bbox 1050 707 1837 780; baseline 0.001 -20"><span class='ocrx_word' id='word_1_207' title='bbox 1050 720 1140 761; x_wconf 89' lang='lat' dir='ltr'>autem</span> <span class='ocrx_word' id='word_1_208' title='bbox 1155 721 1181 763; x_wconf 84' lang='lat' dir='ltr'>et</span> <span class='ocrx_word' id='word_1_209' title='bbox 1195 710 1285 780; x_wconf 78' lang='lat' dir='ltr'>jurgia</span> <span class='ocrx_word' id='word_1_210' title='bbox 1302 713 1420 763; x_wconf 74' lang='lat' dir='ltr'>titatium</span> <span class='ocrx_word' id='word_1_211' title='bbox 1436 726 1468 763; x_wconf 82' lang='lat' dir='ltr'>et</span> <span class='ocrx_word' id='word_1_212' title='bbox 1486 707 1681 777; x_wconf 76' lang='lat' dir='ltr'>cupiditatibus</span> <span class='ocrx_word' id='word_1_213' title='bbox 1699 707 1837 761; x_wconf 90' lang='lat' dir='ltr'>oriuntur.</span> 
     </span>
    </p>

    <p class='ocr_par' dir='ltr' id='par_1_13' title="bbox 1050 798 1843 1606">
     <span class='ocr_line' id='line_1_34' title="bbox 1090 798 1837 869; baseline 0 -19"><span class='ocrx_word' id='word_1_214' title='bbox 1090 819 1098 850; x_wconf 78' lang='lat' dir='ltr'>c</span> <span class='ocrx_word' id='word_1_215' title='bbox 1115 799 1143 853; x_wconf 88' lang='lat' dir='ltr'>Si</span> <span class='ocrx_word' id='word_1_216' title='bbox 1160 802 1222 869; x_wconf 75' lang='lat' dir='ltr'>nuris</span> <span class='ocrx_word' id='word_1_217' title='bbox 1239 811 1331 854; x_wconf 77' lang='lat' dir='ltr'>:intem</span> <span class='ocrx_word' id='word_1_218' title='bbox 1346 801 1437 853; x_wconf 81' lang='lat' dir='ltr'>tlonnri</span> <span class='ocrx_word' id='word_1_219' title='bbox 1455 816 1510 854; x_wconf 78' lang='lat' dir='ltr'>suut</span> <span class='ocrx_word' id='word_1_220' title='bbox 1522 800 1591 854; x_wconf 88' lang='lat' dir='ltr'>bene</span> <span class='ocrx_word' id='word_1_221' title='bbox 1603 812 1718 867; x_wconf 70' lang='lat' dir='ltr'>praeesse</span> <span class='ocrx_word' id='word_1_222' title='bbox 1739 798 1837 865; x_wconf 79' lang='lat' dir='ltr'>nescit,</span> 
     </span>
     <span class='ocr_line' id='line_1_35' title="bbox 1050 884 1840 962; baseline 0.001 -18"><span class='ocrx_word' id='word_1_223' title='bbox 1050 891 1189 960; x_wconf 82' lang='lat' dir='ltr'>quomodo</span> <span class='ocrx_word' id='word_1_224' title='bbox 1208 892 1336 948; x_wconf 69' lang='lat' dir='ltr'>Ecclesiae</span> <span class='ocrx_word' id='word_1_225' title='bbox 1352 891 1396 948; x_wconf 78' lang='lat' dir='ltr'>[lei</span> <span class='ocrx_word' id='word_1_226' title='bbox 1413 894 1581 962; x_wconf 80' lang='lat' dir='ltr'>diligentium</span> <span class='ocrx_word' id='word_1_227' title='bbox 1600 884 1758 945; x_wconf 66' lang='lat' dir='ltr'>hahebitis</span> <span class='ocrx_word' id='word_1_228' title='bbox 1780 889 1840 959; x_wconf 87' lang='lat' dir='ltr'>lpse</span> 
     </span>
     <span class='ocr_line' id='line_1_36' title="bbox 1051 984 1841 1055; baseline -0.003 -17"><span class='ocrx_word' id='word_1_229' title='bbox 1051 984 1078 1038; x_wconf 85' lang='lat' dir='ltr'>iu</span> <span class='ocrx_word' id='word_1_230' title='bbox 1107 987 1435 1055; x_wconf 80' lang='lat' dir='ltr'>sequentibusexposuit,</span> <span class='ocrx_word' id='word_1_231' title='bbox 1463 985 1485 1042; x_wconf 85' lang='lat' dir='ltr'>si</span> <span class='ocrx_word' id='word_1_232' title='bbox 1503 986 1572 1039; x_wconf 82' lang='lat' dir='ltr'>lilios</span> <span class='ocrx_word' id='word_1_233' title='bbox 1601 987 1628 1038; x_wconf 90' lang='lat' dir='ltr'>itr</span> <span class='ocrx_word' id='word_1_234' title='bbox 1662 986 1789 1039; x_wconf 84' lang='lat' dir='ltr'>castitate</span> <span class='ocrx_word' id='word_1_235' title='bbox 1814 995 1841 1040; x_wconf 86' lang='lat' dir='ltr'>et</span> 
     </span>
     <span class='ocr_line' id='line_1_37' title="bbox 1052 1075 1837 1144; baseline -0.001 -14"><span class='ocrx_word' id='word_1_236' title='bbox 1052 1077 1205 1131; x_wconf 88' lang='lat' dir='ltr'>bmnibtate</span> <span class='ocrx_word' id='word_1_237' title='bbox 1223 1079 1336 1131; x_wconf 77' lang='grc'>1111111111</span> <span class='ocrx_word' id='word_1_238' title='bbox 1351 1097 1358 1132; x_wconf 90' lang='lat'><strong>:</strong></span> <span class='ocrx_word' id='word_1_239' title='bbox 1377 1078 1440 1132; x_wconf 80' lang='lat' dir='ltr'>lunc</span> <span class='ocrx_word' id='word_1_240' title='bbox 1452 1076 1511 1144; x_wconf 82' lang='lat' dir='ltr'>ejus</span> <span class='ocrx_word' id='word_1_241' title='bbox 1523 1075 1662 1144; x_wconf 74' lang='lat' dir='ltr'>diligentia</span> <span class='ocrx_word' id='word_1_242' title='bbox 1675 1076 1837 1143; x_wconf 83' lang='lat' dir='ltr'>cuttrprolra·</span> 
     </span>
     <span class='ocr_line' id='line_1_38' title="bbox 1053 1166 1841 1235; baseline -0.003 -12"><span class='ocrx_word' id='word_1_243' title='bbox 1053 1181 1096 1224; x_wconf 89' lang='lat' dir='ltr'>tur</span> <span class='ocrx_word' id='word_1_244' title='bbox 1112 1185 1120 1226; x_wconf 79' lang='lat' dir='ltr'>t</span> <span class='ocrx_word' id='word_1_245' title='bbox 1136 1170 1156 1224; x_wconf 88' lang='lat' dir='ltr'>si</span> <span class='ocrx_word' id='word_1_246' title='bbox 1174 1171 1249 1224; x_wconf 89' lang='lat' dir='ltr'>enim</span> <span class='ocrx_word' id='word_1_247' title='bbox 1270 1171 1339 1222; x_wconf 85' lang='lat' dir='ltr'>blitrs</span> <span class='ocrx_word' id='word_1_248' title='bbox 1353 1186 1416 1223; x_wconf 91' lang='lat' dir='ltr'>snos</span> <span class='ocrx_word' id='word_1_249' title='bbox 1429 1168 1539 1224; x_wconf 88' lang='lat' dir='ltr'>erudite</span> <span class='ocrx_word' id='word_1_250' title='bbox 1558 1169 1682 1231; x_wconf 86' lang='lat' dir='ltr'>nescirit,</span> <span class='ocrx_word' id='word_1_251' title='bbox 1702 1166 1841 1235; x_wconf 75' lang='lat' dir='ltr'>utromodo</span> 
     </span>
     <span class='ocr_line' id='line_1_39' title="bbox 1052 1239 1842 1342; baseline -0.006 -26"><span class='ocrx_word' id='word_1_252' title='bbox 1052 1271 1142 1316; x_wconf 88' lang='lat' dir='ltr'>tantos</span> <span class='ocrx_word' id='word_1_253' title='bbox 1158 1262 1202 1315; x_wconf 82' lang='lat' dir='ltr'>liei</span> <span class='ocrx_word' id='word_1_254' title='bbox 1222 1261 1292 1315; x_wconf 89' lang='lat' dir='ltr'>lilios</span> <span class='ocrx_word' id='word_1_255' title='bbox 1305 1263 1480 1342; x_wconf 77' lang='lat' dir='ltr'>guircrnabit,</span> <span class='ocrx_word' id='word_1_256' title='bbox 1501 1277 1617 1328; x_wconf 80' lang='lat' dir='ltr'>tytrntunn</span> <span class='ocrx_word' id='word_1_257' title='bbox 1635 1275 1725 1314; x_wconf 91' lang='lat' dir='ltr'>mores</span> <span class='ocrx_word' id='word_1_258' title='bbox 1741 1239 1842 1312; x_wconf 80' lang='lat' dir='ltr'>sccun-</span> 
     </span>
     <span class='ocr_line' id='line_1_40' title="bbox 1052 1349 1841 1422; baseline -0.005 -16"><span class='ocrx_word' id='word_1_259' title='bbox 1052 1353 1115 1406; x_wconf 87' lang='lat' dir='ltr'>tittut</span> <span class='ocrx_word' id='word_1_260' title='bbox 1135 1368 1276 1405; x_wconf 89' lang='lat' dir='ltr'>numerum</span> <span class='ocrx_word' id='word_1_261' title='bbox 1300 1363 1363 1407; x_wconf 91' lang='lat' dir='ltr'>sunt</span> <span class='ocrx_word' id='word_1_262' title='bbox 1388 1353 1510 1407; x_wconf 85' lang='lat' dir='ltr'>dirersi‘l</span> <span class='ocrx_word' id='word_1_263' title='bbox 1526 1354 1567 1405; x_wconf 88' lang='lat' dir='ltr'>rel</span> <span class='ocrx_word' id='word_1_264' title='bbox 1584 1369 1635 1422; x_wconf 83' lang='lat' dir='ltr'>qna</span> <span class='ocrx_word' id='word_1_265' title='bbox 1663 1352 1768 1410; x_wconf 72' lang='lat' dir='ltr'>huitteio.</span> <span class='ocrx_word' id='word_1_266' title='bbox 1795 1349 1841 1419; x_wconf 79' lang='lat' dir='ltr'>nui</span> 
     </span>
     <span class='ocr_line' id='line_1_41' title="bbox 1052 1440 1843 1512; baseline -0.006 -14"><span class='ocrx_word' id='word_1_267' title='bbox 1052 1444 1272 1510; x_wconf 74' lang='lat' dir='ltr'>indisciplinatos</span> <span class='ocrx_word' id='word_1_268' title='bbox 1286 1443 1366 1499; x_wconf 87' lang='lat' dir='ltr'>habet</span> <span class='ocrx_word' id='word_1_269' title='bbox 1381 1444 1462 1511; x_wconf 82' lang='lat' dir='ltr'>ilios,</span> <span class='ocrx_word' id='word_1_270' title='bbox 1489 1443 1599 1499; x_wconf 83' lang='lat' dir='ltr'>audebit</span> <span class='ocrx_word' id='word_1_271' title='bbox 1626 1443 1738 1512; x_wconf 82' lang='lat' dir='ltr'>exigere</span> <span class='ocrx_word' id='word_1_272' title='bbox 1759 1440 1843 1496; x_wconf 89' lang='lat' dir='ltr'>disci-</span> 
     </span>
     <span class='ocr_line' id='line_1_42' title="bbox 1053 1532 1171 1606; baseline 0 -20"><span class='ocrx_word' id='word_1_273' title='bbox 1053 1532 1171 1606; x_wconf 83' lang='lat' dir='ltr'>plinatui</span> 
     </span>
    </p>

    <p class='ocr_par' dir='ltr' id='par_1_14' title="bbox 1051 1622 1846 2245">
     <span class='ocr_line' id='line_1_43' title="bbox 1091 1622 1838 1695; baseline -0.001 -18"><span class='ocrx_word' id='word_1_274' title='bbox 1091 1645 1100 1677; x_wconf 89' lang='lat'>‹</span> <span class='ocrx_word' id='word_1_275' title='bbox 1121 1625 1179 1681; x_wconf 87' lang='lat' dir='ltr'>Non</span> <span class='ocrx_word' id='word_1_276' title='bbox 1206 1626 1384 1695; x_wconf 84' lang='lat' dir='ltr'>neophytum.</span> <span class='ocrx_word' id='word_1_277' title='bbox 1402 1640 1435 1680; x_wconf 91' lang='lat' dir='ltr'>ne</span> <span class='ocrx_word' id='word_1_278' title='bbox 1461 1625 1488 1678; x_wconf 94' lang='lat' dir='ltr'>in</span> <span class='ocrx_word' id='word_1_279' title='bbox 1509 1625 1664 1694; x_wconf 87' lang='lat' dir='ltr'>superbiam</span> <span class='ocrx_word' id='word_1_280' title='bbox 1678 1624 1778 1687; x_wconf 85' lang='lat' dir='ltr'>clatus,</span> <span class='ocrx_word' id='word_1_281' title='bbox 1810 1622 1838 1676; x_wconf 93' lang='lat' dir='ltr'>in</span> 
     </span>
     <span class='ocr_line' id='line_1_44' title="bbox 1051 1714 1844 1789; baseline -0.006 -17"><span class='ocrx_word' id='word_1_282' title='bbox 1051 1717 1184 1789; x_wconf 85' lang='lat' dir='ltr'>judicium</span> <span class='ocrx_word' id='word_1_283' title='bbox 1207 1717 1310 1770; x_wconf 87' lang='lat' dir='ltr'>incidat</span> <span class='ocrx_word' id='word_1_284' title='bbox 1330 1715 1444 1770; x_wconf 85' lang='lat' dir='ltr'>diaboli.</span> <span class='ocrx_word' id='word_1_285' title='bbox 1463 1734 1473 1767; x_wconf 86' lang='grc'>1</span> <span class='ocrx_word' id='word_1_286' title='bbox 1491 1714 1530 1769; x_wconf 89' lang='lat' dir='ltr'>Ne</span> <span class='ocrx_word' id='word_1_287' title='bbox 1557 1731 1642 1782; x_wconf 88' lang='lat' dir='ltr'>nuper</span> <span class='ocrx_word' id='word_1_288' title='bbox 1660 1725 1771 1769; x_wconf 90' lang='lat' dir='ltr'>renatus</span> <span class='ocrx_word' id='word_1_289' title='bbox 1789 1715 1844 1767; x_wconf 88' lang='lat' dir='ltr'>cito</span> 
     </span>
     <span class='ocr_line' id='line_1_45' title="bbox 1056 1807 1843 1880; baseline -0.011 -16"><span class='ocrx_word' id='word_1_290' title='bbox 1056 1810 1141 1880; x_wconf 81' lang='lat' dir='ltr'>possit</span> <span class='ocrx_word' id='word_1_291' title='bbox 1158 1825 1207 1878; x_wconf 92' lang='lat' dir='ltr'>per</span> <span class='ocrx_word' id='word_1_292' title='bbox 1234 1808 1414 1878; x_wconf 81' lang='lat' dir='ltr'>ignorantiam</span> <span class='ocrx_word' id='word_1_293' title='bbox 1433 1807 1546 1861; x_wconf 85' lang='lat' dir='ltr'>exaltari</span> <span class='ocrx_word' id='word_1_294' title='bbox 1564 1823 1572 1863; x_wconf 73' lang='grc' dir='ltr'><strong><em>ε</em></strong></span> <span class='ocrx_word' id='word_1_295' title='bbox 1590 1815 1617 1860; x_wconf 89' lang='lat' dir='ltr'>et</span> <span class='ocrx_word' id='word_1_296' title='bbox 1641 1813 1716 1875; x_wconf 88' lang='lat' dir='ltr'>putet</span> <span class='ocrx_word' id='word_1_297' title='bbox 1735 1820 1765 1860; x_wconf 87' lang='lat' dir='ltr'>se</span> <span class='ocrx_word' id='word_1_298' title='bbox 1788 1818 1843 1857; x_wconf 93' lang='lat' dir='ltr'>non</span> 
     </span>
     <span class='ocr_line' id='line_1_46' title="bbox 1056 1896 1842 1967; baseline -0.008 -13"><span class='ocrx_word' id='word_1_299' title='bbox 1056 1910 1111 1955; x_wconf 85' lang='lat' dir='ltr'>tarn</span> <span class='ocrx_word' id='word_1_300' title='bbox 1130 1899 1312 1954; x_wconf 90' lang='lat' dir='ltr'>ministerium</span> <span class='ocrx_word' id='word_1_301' title='bbox 1329 1897 1502 1960; x_wconf 86' lang='lat' dir='ltr'>humilitatis,</span> <span class='ocrx_word' id='word_1_302' title='bbox 1518 1914 1601 1967; x_wconf 82' lang='lat' dir='ltr'>ouum</span> <span class='ocrx_word' id='word_1_303' title='bbox 1624 1896 1842 1952; x_wconf 88' lang='lat' dir='ltr'>administratio·</span> 
     </span>
     <span class='ocr_line' id='line_1_47' title="bbox 1057 1988 1846 2060; baseline -0.01 -12"><span class='ocrx_word' id='word_1_304' title='bbox 1057 2008 1118 2048; x_wconf 91' lang='lat' dir='ltr'>nem</span> <span class='ocrx_word' id='word_1_305' title='bbox 1133 1991 1276 2047; x_wconf 74' lang='lat' dir='ltr'>surcularis</span> <span class='ocrx_word' id='word_1_306' title='bbox 1293 1991 1438 2060; x_wconf 87' lang='lat' dir='ltr'>potestatis</span> <span class='ocrx_word' id='word_1_307' title='bbox 1451 1993 1590 2056; x_wconf 84' lang='lat' dir='ltr'>adeptum.</span> <span class='ocrx_word' id='word_1_308' title='bbox 1602 2000 1629 2045; x_wconf 94' lang='lat' dir='ltr'>et</span> <span class='ocrx_word' id='word_1_309' title='bbox 1640 1988 1846 2043; x_wconf 86' lang='lat' dir='ltr'>condemnatio-</span> 
     </span>
     <span class='ocr_line' id='line_1_48' title="bbox 1055 2080 1846 2150; baseline -0.008 -12"><span class='ocrx_word' id='word_1_310' title='bbox 1055 2099 1118 2139; x_wconf 90' lang='lat' dir='ltr'>nem</span> <span class='ocrx_word' id='word_1_311' title='bbox 1134 2083 1268 2150; x_wconf 74' lang='lat' dir='ltr'>superbiae</span> <span class='ocrx_word' id='word_1_312' title='bbox 1298 2092 1456 2136; x_wconf 87' lang='lat' dir='ltr'>rrrereatur:</span> <span class='ocrx_word' id='word_1_313' title='bbox 1484 2085 1556 2136; x_wconf 90' lang='lat' dir='ltr'>sicut</span> <span class='ocrx_word' id='word_1_314' title='bbox 1575 2080 1712 2144; x_wconf 88' lang='lat' dir='ltr'>diabolus,</span> <span class='ocrx_word' id='word_1_315' title='bbox 1728 2080 1774 2148; x_wconf 88' lang='lat' dir='ltr'>qui</span> <span class='ocrx_word' id='word_1_316' title='bbox 1798 2094 1846 2148; x_wconf 89' lang='lat' dir='ltr'>per</span> 
     </span>
     <span class='ocr_line' id='line_1_49' title="bbox 1055 2174 1675 2245; baseline -0.008 -16"><span class='ocrx_word' id='word_1_317' title='bbox 1055 2175 1218 2245; x_wconf 81' lang='lat' dir='ltr'>jactantiam</span> <span class='ocrx_word' id='word_1_318' title='bbox 1236 2174 1375 2243; x_wconf 83' lang='lat' dir='ltr'>judicatus</span> <span class='ocrx_word' id='word_1_319' title='bbox 1391 2184 1472 2243; x_wconf 82' lang='lat' dir='ltr'>atque</span> <span class='ocrx_word' id='word_1_320' title='bbox 1485 2175 1608 2240; x_wconf 81' lang='lat' dir='ltr'>dejectus</span> <span class='ocrx_word' id='word_1_321' title='bbox 1623 2182 1675 2227; x_wconf 90' lang='lat' dir='ltr'>est.</span> 
     </span>
    </p>

    <p class='ocr_par' dir='ltr' id='par_1_15' title="bbox 1057 2263 1847 2703">
     <span class='ocr_line' id='line_1_50' title="bbox 1096 2263 1847 2337; baseline -0.004 -17"><span class='ocrx_word' id='word_1_322' title='bbox 1096 2286 1106 2320; x_wconf 83' lang='lat' dir='ltr'>r</span> <span class='ocrx_word' id='word_1_323' title='bbox 1134 2267 1353 2337; x_wconf 84' lang='lat' dir='ltr'>Oportctautem</span> <span class='ocrx_word' id='word_1_324' title='bbox 1378 2275 1405 2321; x_wconf 89' lang='lat' dir='ltr'>et</span> <span class='ocrx_word' id='word_1_325' title='bbox 1432 2265 1507 2319; x_wconf 90' lang='lat' dir='ltr'>illnm</span> <span class='ocrx_word' id='word_1_326' title='bbox 1529 2264 1717 2319; x_wconf 85' lang='lat' dir='ltr'>testimoninm</span> <span class='ocrx_word' id='word_1_327' title='bbox 1745 2263 1847 2318; x_wconf 88' lang='lat' dir='ltr'>babere</span> 
     </span>
     <span class='ocr_line' id='line_1_51' title="bbox 1058 2352 1847 2428; baseline -0.011 -13"><span class='ocrx_word' id='word_1_328' title='bbox 1058 2363 1159 2417; x_wconf 90' lang='lat' dir='ltr'>bonnm</span> <span class='ocrx_word' id='word_1_329' title='bbox 1178 2361 1212 2415; x_wconf 88' lang='lat' dir='ltr'>ab</span> <span class='ocrx_word' id='word_1_330' title='bbox 1227 2361 1280 2424; x_wconf 79' lang='lat' dir='ltr'>bis.</span> <span class='ocrx_word' id='word_1_331' title='bbox 1301 2359 1348 2428; x_wconf 86' lang='lat' dir='ltr'>qni</span> <span class='ocrx_word' id='word_1_332' title='bbox 1370 2358 1436 2413; x_wconf 87' lang='lat' dir='ltr'>loris</span> <span class='ocrx_word' id='word_1_333' title='bbox 1451 2365 1525 2412; x_wconf 92' lang='lat' dir='ltr'>sunt.</span> <span class='ocrx_word' id='word_1_334' title='bbox 1544 2374 1554 2409; x_wconf 87' lang='grc'>1</span> <span class='ocrx_word' id='word_1_335' title='bbox 1570 2355 1606 2412; x_wconf 90' lang='lat' dir='ltr'>Ut</span> <span class='ocrx_word' id='word_1_336' title='bbox 1621 2355 1681 2409; x_wconf 88' lang='lat' dir='ltr'>sine</span> <span class='ocrx_word' id='word_1_337' title='bbox 1696 2352 1847 2408; x_wconf 85' lang='lat' dir='ltr'>olieusione</span> 
     </span>
     <span class='ocr_line' id='line_1_52' title="bbox 1057 2443 1843 2519; baseline -0.011 -11"><span class='ocrx_word' id='word_1_338' title='bbox 1057 2453 1166 2512; x_wconf 80' lang='lat' dir='ltr'>ludaeis,</span> <span class='ocrx_word' id='word_1_339' title='bbox 1185 2451 1348 2516; x_wconf 88' lang='lat' dir='ltr'>inlidelibus,</span> <span class='ocrx_word' id='word_1_340' title='bbox 1366 2458 1450 2519; x_wconf 81' lang='lat' dir='ltr'>atque</span> <span class='ocrx_word' id='word_1_341' title='bbox 1466 2448 1579 2511; x_wconf 80' lang='lat' dir='ltr'>Graecis,</span> <span class='ocrx_word' id='word_1_342' title='bbox 1594 2447 1688 2517; x_wconf 78' lang='lat' dir='ltr'>praesit</span> <span class='ocrx_word' id='word_1_343' title='bbox 1712 2443 1843 2499; x_wconf 80' lang='lat' dir='ltr'>Ecclesiae</span> 
     </span>
     <span class='ocr_line' id='line_1_53' title="bbox 1058 2536 1847 2607; baseline -0.013 -8"><span class='ocrx_word' id='word_1_344' title='bbox 1058 2545 1117 2600; x_wconf 85' lang='lat' dir='ltr'>net.</span> <span class='ocrx_word' id='word_1_345' title='bbox 1131 2544 1234 2600; x_wconf 87' lang='lat' dir='ltr'>Omnes</span> <span class='ocrx_word' id='word_1_346' title='bbox 1255 2543 1327 2598; x_wconf 93' lang='lat' dir='ltr'>euim</span> <span class='ocrx_word' id='word_1_347' title='bbox 1347 2542 1508 2595; x_wconf 88' lang='lat' dir='ltr'>tnttttraliter</span> <span class='ocrx_word' id='word_1_348' title='bbox 1526 2549 1660 2593; x_wconf 82' lang='lat' dir='ltr'>noverunt</span> <span class='ocrx_word' id='word_1_349' title='bbox 1676 2539 1790 2607; x_wconf 87' lang='lat' dir='ltr'>culpare</span> <span class='ocrx_word' id='word_1_350' title='bbox 1804 2536 1847 2590; x_wconf 88' lang='lat' dir='ltr'>ti·</span> 
     </span>
     <span class='ocr_line' id='line_1_54' title="bbox 1059 2636 1404 2703; baseline -0.012 -11"><span class='ocrx_word' id='word_1_351' title='bbox 1059 2640 1106 2703; x_wconf 88' lang='lat' dir='ltr'>lia,</span> <span class='ocrx_word' id='word_1_352' title='bbox 1116 2649 1141 2692; x_wconf 90' lang='lat' dir='ltr'>et</span> <span class='ocrx_word' id='word_1_353' title='bbox 1154 2637 1266 2691; x_wconf 83' lang='lat' dir='ltr'>laudare</span> <span class='ocrx_word' id='word_1_354' title='bbox 1279 2636 1404 2689; x_wconf 76' lang='lat' dir='ltr'>uirtutes.</span> 
     </span>
    </p>

    <p class='ocr_par' dir='ltr' id='par_1_16' title="bbox 1058 2720 1850 3072">
     <span class='ocr_line' id='line_1_55' title="bbox 1095 2720 1847 2796; baseline -0.015 -13"><span class='ocrx_word' id='word_1_355' title='bbox 1095 2745 1106 2782; x_wconf 89' lang='lat' dir='ltr'>t</span> <span class='ocrx_word' id='word_1_356' title='bbox 1126 2727 1161 2783; x_wconf 86' lang='lat' dir='ltr'>bt</span> <span class='ocrx_word' id='word_1_357' title='bbox 1182 2743 1235 2782; x_wconf 91' lang='lat' dir='ltr'>non</span> <span class='ocrx_word' id='word_1_358' title='bbox 1255 2727 1281 2781; x_wconf 89' lang='lat' dir='ltr'>iu</span> <span class='ocrx_word' id='word_1_359' title='bbox 1301 2725 1478 2796; x_wconf 88' lang='lat' dir='ltr'>opprobrium</span> <span class='ocrx_word' id='word_1_360' title='bbox 1508 2723 1620 2784; x_wconf 85' lang='lat' dir='ltr'>incidat.</span> <span class='ocrx_word' id='word_1_361' title='bbox 1634 2729 1661 2776; x_wconf 89' lang='lat' dir='ltr'>et</span> <span class='ocrx_word' id='word_1_362' title='bbox 1677 2722 1704 2774; x_wconf 93' lang='lat' dir='ltr'>in</span> <span class='ocrx_word' id='word_1_363' title='bbox 1718 2720 1847 2790; x_wconf 80' lang='lat' dir='ltr'>lantreutn</span> 
     </span>
     <span class='ocr_line' id='line_1_56' title="bbox 1058 2815 1849 2891; baseline -0.014 -15"><span class='ocrx_word' id='word_1_364' title='bbox 1058 2821 1171 2876; x_wconf 83' lang='lat' dir='ltr'>diaboli.</span> <span class='ocrx_word' id='word_1_365' title='bbox 1192 2839 1201 2872; x_wconf 86' lang='lat' dir='ltr'>r</span> <span class='ocrx_word' id='word_1_366' title='bbox 1223 2818 1258 2891; x_wconf 77' lang='lat' dir='ltr'>Ut</span> <span class='ocrx_word' id='word_1_367' title='bbox 1274 2836 1325 2872; x_wconf 90' lang='lat' dir='ltr'>nou</span> <span class='ocrx_word' id='word_1_368' title='bbox 1348 2819 1508 2886; x_wconf 78' lang='lat' dir='ltr'>vituperetur</span> <span class='ocrx_word' id='word_1_369' title='bbox 1537 2815 1711 2869; x_wconf 79' lang='lat' dir='ltr'>ministerium</span> <span class='ocrx_word' id='word_1_370' title='bbox 1731 2825 1849 2866; x_wconf 81' lang='lat' dir='ltr'>nostrum</span> 
     </span>
     <span class='ocr_line' id='line_1_57' title="bbox 1060 2905 1850 2983; baseline -0.009 -16"><span class='ocrx_word' id='word_1_371' title='bbox 1060 2913 1103 2983; x_wconf 78' lang='lat' dir='ltr'>ill</span> <span class='ocrx_word' id='word_1_372' title='bbox 1124 2913 1188 2969; x_wconf 84' lang='lat' dir='ltr'>Cer.</span> <span class='ocrx_word' id='word_1_373' title='bbox 1211 2912 1304 2981; x_wconf 61' lang='lat' dir='ltr'>vuol,</span> <span class='ocrx_word' id='word_1_374' title='bbox 1324 2921 1351 2966; x_wconf 89' lang='lat' dir='ltr'>et</span> <span class='ocrx_word' id='word_1_375' title='bbox 1369 2926 1416 2979; x_wconf 89' lang='lat' dir='ltr'>pcr</span> <span class='ocrx_word' id='word_1_376' title='bbox 1447 2911 1523 2963; x_wconf 90' lang='lat' dir='ltr'>illum</span> <span class='ocrx_word' id='word_1_377' title='bbox 1551 2908 1674 2962; x_wconf 81' lang='lat' dir='ltr'>illabnlus</span> <span class='ocrx_word' id='word_1_378' title='bbox 1701 2906 1802 2961; x_wconf 85' lang='lat' dir='ltr'>inultos</span> <span class='ocrx_word' id='word_1_379' title='bbox 1822 2905 1850 2960; x_wconf 86' lang='lat' dir='ltr'>in</span> 
     </span>
     <span class='ocr_line' id='line_1_58' title="bbox 1058 2997 1761 3072; baseline -0.013 -15"><span class='ocrx_word' id='word_1_380' title='bbox 1058 3004 1185 3072; x_wconf 85' lang='lat' dir='ltr'>laqueum</span> <span class='ocrx_word' id='word_1_381' title='bbox 1204 3011 1307 3065; x_wconf 85' lang='lat' dir='ltr'>teneat,</span> <span class='ocrx_word' id='word_1_382' title='bbox 1325 3001 1372 3070; x_wconf 88' lang='lat' dir='ltr'>qui</span> <span class='ocrx_word' id='word_1_383' title='bbox 1387 3010 1514 3070; x_wconf 88' lang='lat' dir='ltr'>poterunt</span> <span class='ocrx_word' id='word_1_384' title='bbox 1527 2998 1584 3051; x_wconf 87' lang='lat' dir='ltr'>heri</span> <span class='ocrx_word' id='word_1_385' title='bbox 1599 2997 1761 3050; x_wconf 86' lang='lat' dir='ltr'>Christiani.</span> 
     </span>
    </p>

    <p class='ocr_par' dir='ltr' id='par_1_17' title="bbox 1059 3086 1851 3256">
     <span class='ocr_line' id='line_1_59' title="bbox 1098 3086 1851 3158; baseline -0.012 -10"><span class='ocrx_word' id='word_1_386' title='bbox 1098 3115 1107 3148; x_wconf 90' lang='lat' dir='ltr'>t</span> <span class='ocrx_word' id='word_1_387' title='bbox 1130 3096 1265 3149; x_wconf 73' lang='lat' dir='ltr'>Diaconos</span> <span class='ocrx_word' id='word_1_388' title='bbox 1279 3093 1416 3147; x_wconf 86' lang='lat' dir='ltr'>similiter.</span> <span class='ocrx_word' id='word_1_389' title='bbox 1435 3089 1730 3158; x_wconf 60' lang='lat' dir='ltr'>»irreprehensibiles</span> <span class='ocrx_word' id='word_1_390' title='bbox 1750 3096 1780 3142; x_wconf 89' lang='lat' dir='ltr'>ut</span> <span class='ocrx_word' id='word_1_391' title='bbox 1791 3086 1851 3156; x_wconf 91' lang='lat' dir='ltr'>epi-</span> 
     </span>
     <span class='ocr_line' id='line_1_60' title="bbox 1059 3176 1851 3256; baseline -0.014 -15"><span class='ocrx_word' id='word_1_392' title='bbox 1059 3187 1133 3256; x_wconf 86' lang='lat' dir='ltr'>scopi</span> <span class='ocrx_word' id='word_1_393' title='bbox 1151 3186 1298 3256; x_wconf 78' lang='lat' dir='ltr'>eligantur.</span> <span class='ocrx_word' id='word_1_394' title='bbox 1319 3182 1457 3248; x_wconf 75' lang='lat' dir='ltr'>Qirerttm</span> <span class='ocrx_word' id='word_1_395' title='bbox 1483 3197 1532 3235; x_wconf 87' lang='lat' dir='ltr'>cur</span> <span class='ocrx_word' id='word_1_396' title='bbox 1549 3182 1582 3234; x_wconf 89' lang='lat' dir='ltr'>de</span> <span class='ocrx_word' id='word_1_397' title='bbox 1606 3180 1772 3250; x_wconf 86' lang='lat' dir='ltr'>preshyteris</span> <span class='ocrx_word' id='word_1_398' title='bbox 1790 3176 1851 3232; x_wconf 91' lang='lat' dir='ltr'>nul-</span> 
     </span>
    </p>
   </div>
   <div class='ocr_carea' id='block_1_7' title="bbox 217 3269 1851 3438">
    <p class='ocr_par' dir='ltr' id='par_1_18' title="bbox 217 3269 1851 3438">
     <span class='ocr_line' id='line_1_61' title="bbox 217 3269 1851 3366; baseline -0.005 -37"><span class='ocrx_word' id='word_1_399' title='bbox 217 3283 304 3329; x_wconf 75' lang='lat' dir='ltr'>tabu</span> <span class='ocrx_word' id='word_1_400' title='bbox 334 3273 455 3328; x_wconf 83' lang='lat' dir='ltr'>Primum</span> <span class='ocrx_word' id='word_1_401' title='bbox 486 3275 571 3329; x_wconf 87' lang='lat' dir='ltr'>laicos</span> <span class='ocrx_word' id='word_1_402' title='bbox 592 3276 718 3341; x_wconf 84' lang='lat' dir='ltr'>instituit,</span> <span class='ocrx_word' id='word_1_403' title='bbox 735 3275 768 3328; x_wconf 93' lang='lat' dir='ltr'>de</span> <span class='ocrx_word' id='word_1_404' title='bbox 795 3273 893 3342; x_wconf 83' lang='lat' dir='ltr'>quibus</span> <span class='ocrx_word' id='word_1_405' title='bbox 912 3272 1113 3366; x_wconf 72' lang='lat' dir='ltr'>optirniclam</span> <span class='ocrx_word' id='word_1_406' title='bbox 1131 3277 1232 3332; x_wconf 87' lang='lat' dir='ltr'>lecerit</span> <span class='ocrx_word' id='word_1_407' title='bbox 1250 3269 1851 3340; x_wconf 81' lang='lat' dir='ltr'>ttterttiottertr‚sedeosepiscopnrutnnonti-</span> 
     </span>
     <span class='ocr_line' id='line_1_62' title="bbox 220 3362 1849 3438; baseline -0.001 -23"><span class='ocrx_word' id='word_1_408' title='bbox 220 3365 324 3433; x_wconf 69' lang='lat' dir='ltr'>quirine</span> <span class='ocrx_word' id='word_1_409' title='bbox 338 3364 364 3417; x_wconf 90' lang='lat' dir='ltr'>in</span> <span class='ocrx_word' id='word_1_410' title='bbox 382 3363 565 3418; x_wconf 85' lang='lat' dir='ltr'>sacerdotium</span> <span class='ocrx_word' id='word_1_411' title='bbox 584 3365 742 3435; x_wconf 78' lang='lat' dir='ltr'>eliguntur:</span> <span class='ocrx_word' id='word_1_412' title='bbox 762 3371 788 3416; x_wconf 93' lang='lat' dir='ltr'>et</span> <span class='ocrx_word' id='word_1_413' title='bbox 803 3365 842 3418; x_wconf 89' lang='lat' dir='ltr'>sic</span> <span class='ocrx_word' id='word_1_414' title='bbox 861 3362 926 3418; x_wconf 89' lang='lat' dir='ltr'>dicit</span> <span class='ocrx_word' id='word_1_415' title='bbox 943 3378 1007 3431; x_wconf 88' lang='lat' dir='ltr'>qtra·</span> <span class='ocrx_word' id='word_1_416' title='bbox 1061 3386 1093 3425; x_wconf 82' lang='lat' dir='ltr'>ne</span> <span class='ocrx_word' id='word_1_417' title='bbox 1109 3366 1367 3438; x_wconf 82' lang='lat' dir='ltr'>ennrprebenderit,·</span> <span class='ocrx_word' id='word_1_418' title='bbox 1381 3367 1445 3434; x_wconf 86' lang='lat' dir='ltr'>quia</span> <span class='ocrx_word' id='word_1_419' title='bbox 1463 3372 1613 3425; x_wconf 82' lang='lat' dir='ltr'>secun-tus,</span> <span class='ocrx_word' id='word_1_420' title='bbox 1629 3364 1682 3416; x_wconf 94' lang='lat' dir='ltr'>itno</span> <span class='ocrx_word' id='word_1_421' title='bbox 1696 3376 1765 3432; x_wconf 90' lang='lat' dir='ltr'>pene</span> <span class='ocrx_word' id='word_1_422' title='bbox 1778 3375 1849 3415; x_wconf 84' lang='lat' dir='ltr'>nitus</span> 
     </span>
    </p>
   </div>
   <div class='ocr_carea' id='block_1_8' title="bbox 216 3452 1014 6010">
    <p class='ocr_par' dir='ltr' id='par_1_19' title="bbox 216 3452 541 3509">
     <span class='ocr_line' id='line_1_63' title="bbox 216 3452 541 3509; baseline 0.003 -1"><span class='ocrx_word' id='word_1_423' title='bbox 216 3452 261 3509; x_wconf 87' lang='lat' dir='ltr'>les</span> <span class='ocrx_word' id='word_1_424' title='bbox 276 3453 390 3508; x_wconf 87' lang='lat' dir='ltr'>debeant</span> <span class='ocrx_word' id='word_1_425' title='bbox 409 3454 541 3509; x_wconf 89' lang='lat' dir='ltr'>ordinari.</span> 
     </span>
    </p>

    <p class='ocr_par' dir='ltr' id='par_1_20' title="bbox 218 3542 1009 3706">
     <span class='ocr_line' id='line_1_64' title="bbox 260 3542 1009 3615; baseline 0.001 -20"><span class='ocrx_word' id='word_1_426' title='bbox 260 3562 270 3595; x_wconf 90' lang='lat' dir='ltr'>t</span> <span class='ocrx_word' id='word_1_427' title='bbox 288 3542 391 3598; x_wconf 89' lang='lat' dir='ltr'>Bonum</span> <span class='ocrx_word' id='word_1_428' title='bbox 406 3559 473 3615; x_wconf 91' lang='lat' dir='ltr'>opus</span> <span class='ocrx_word' id='word_1_429' title='bbox 488 3547 633 3600; x_wconf 85' lang='lat' dir='ltr'>desiderat.</span> <span class='ocrx_word' id='word_1_430' title='bbox 654 3567 663 3595; x_wconf 79' lang='lat' dir='ltr'>r</span> <span class='ocrx_word' id='word_1_431' title='bbox 682 3545 722 3600; x_wconf 83' lang='lat' dir='ltr'>hd</span> <span class='ocrx_word' id='word_1_432' title='bbox 745 3544 807 3599; x_wconf 84' lang='lat' dir='ltr'>boni</span> <span class='ocrx_word' id='word_1_433' title='bbox 829 3543 921 3615; x_wconf 85' lang='lat' dir='ltr'>operis</span> <span class='ocrx_word' id='word_1_434' title='bbox 937 3543 1009 3599; x_wconf 85' lang='lat' dir='ltr'>desi·</span> 
     </span>
     <span class='ocr_line' id='line_1_65' title="bbox 218 3637 838 3706; baseline 0.002 -16"><span class='ocrx_word' id='word_1_435' title='bbox 218 3637 325 3690; x_wconf 87' lang='lat' dir='ltr'>derium</span> <span class='ocrx_word' id='word_1_436' title='bbox 340 3653 400 3691; x_wconf 93' lang='lat' dir='ltr'>eum</span> <span class='ocrx_word' id='word_1_437' title='bbox 422 3638 563 3706; x_wconf 84' lang='lat' dir='ltr'>prouocat,</span> <span class='ocrx_word' id='word_1_438' title='bbox 578 3654 631 3690; x_wconf 93' lang='lat' dir='ltr'>non</span> <span class='ocrx_word' id='word_1_439' title='bbox 649 3638 681 3689; x_wconf 87' lang='lat' dir='ltr'>nd</span> <span class='ocrx_word' id='word_1_440' title='bbox 697 3639 838 3691; x_wconf 87' lang='lat' dir='ltr'>lrottnrern.</span> 
     </span>
    </p>

    <p class='ocr_par' dir='ltr' id='par_1_21' title="bbox 217 3727 1009 3984">
     <span class='ocr_line' id='line_1_66' title="bbox 262 3727 1008 3800; baseline 0.001 -19"><span class='ocrx_word' id='word_1_441' title='bbox 262 3748 271 3781; x_wconf 90' lang='lat' dir='ltr'>t</span> <span class='ocrx_word' id='word_1_442' title='bbox 299 3727 413 3799; x_wconf 89' lang='lat' dir='ltr'>Oportet</span> <span class='ocrx_word' id='word_1_443' title='bbox 445 3731 518 3783; x_wconf 90' lang='lat' dir='ltr'>enim</span> <span class='ocrx_word' id='word_1_444' title='bbox 548 3733 705 3800; x_wconf 85' lang='lat' dir='ltr'>episcopum</span> <span class='ocrx_word' id='word_1_445' title='bbox 741 3729 1008 3798; x_wconf 74' lang='lat' dir='ltr'>irreprebensibilem</span> 
     </span>
     <span class='ocr_line' id='line_1_67' title="bbox 217 3821 1009 3892; baseline -0.005 -14"><span class='ocrx_word' id='word_1_446' title='bbox 217 3837 292 3878; x_wconf 82' lang='lat' dir='ltr'>csse.</span> <span class='ocrx_word' id='word_1_447' title='bbox 312 3822 389 3876; x_wconf 73' lang='grc'>111111</span> <span class='ocrx_word' id='word_1_448' title='bbox 406 3822 536 3881; x_wconf 71' lang='lat' dir='ltr'>Ecclesiae</span> <span class='ocrx_word' id='word_1_449' title='bbox 548 3823 675 3892; x_wconf 85' lang='lat' dir='ltr'>princeps</span> <span class='ocrx_word' id='word_1_450' title='bbox 691 3838 745 3874; x_wconf 94' lang='lat' dir='ltr'>nou</span> <span class='ocrx_word' id='word_1_451' title='bbox 763 3822 814 3874; x_wconf 89' lang='lat' dir='ltr'>crit</span> <span class='ocrx_word' id='word_1_452' title='bbox 831 3837 838 3875; x_wconf 91' lang='lat'>:</span> <span class='ocrx_word' id='word_1_453' title='bbox 855 3835 936 3890; x_wconf 87' lang='lat' dir='ltr'>quarn</span> <span class='ocrx_word' id='word_1_454' title='bbox 949 3821 1009 3875; x_wconf 91' lang='lat' dir='ltr'>ideo</span> 
     </span>
     <span class='ocr_line' id='line_1_68' title="bbox 219 3913 796 3984; baseline -0.002 -17"><span class='ocrx_word' id='word_1_455' title='bbox 219 3913 370 3984; x_wconf 76' lang='lat' dir='ltr'>Apostolus</span> <span class='ocrx_word' id='word_1_456' title='bbox 388 3915 447 3968; x_wconf 89' lang='lat' dir='ltr'>sine</span> <span class='ocrx_word' id='word_1_457' title='bbox 463 3915 568 3968; x_wconf 84' lang='lat' dir='ltr'>rnaetrln</span> <span class='ocrx_word' id='word_1_458' title='bbox 584 3915 647 3969; x_wconf 85' lang='lat' dir='ltr'>alibi</span> <span class='ocrx_word' id='word_1_459' title='bbox 663 3913 796 3966; x_wconf 61' lang='lat' dir='ltr'>tlredrririt.</span> 
     </span>
    </p>

    <p class='ocr_par' dir='ltr' id='par_1_22' title="bbox 218 3999 1010 4257">
     <span class='ocr_line' id='line_1_69' title="bbox 262 3999 1009 4071; baseline 0.005 -19"><span class='ocrx_word' id='word_1_460' title='bbox 262 4021 271 4052; x_wconf 83' lang='lat' dir='ltr'>r</span> <span class='ocrx_word' id='word_1_461' title='bbox 291 3999 375 4057; x_wconf 86' lang='lat' dir='ltr'>Unius</span> <span class='ocrx_word' id='word_1_462' title='bbox 387 4002 479 4057; x_wconf 77' lang='lat' dir='ltr'>tutoris</span> <span class='ocrx_word' id='word_1_463' title='bbox 494 4002 591 4057; x_wconf 90' lang='lat' dir='ltr'>rirmn.</span> <span class='ocrx_word' id='word_1_464' title='bbox 610 4021 618 4052; x_wconf 90' lang='grc'>1</span> <span class='ocrx_word' id='word_1_465' title='bbox 635 4001 705 4056; x_wconf 88' lang='lat' dir='ltr'>lliris</span> <span class='ocrx_word' id='word_1_466' title='bbox 722 4017 770 4057; x_wconf 92' lang='lat' dir='ltr'>nec</span> <span class='ocrx_word' id='word_1_467' title='bbox 788 4002 838 4056; x_wconf 91' lang='lat' dir='ltr'>boc</span> <span class='ocrx_word' id='word_1_468' title='bbox 852 4001 925 4068; x_wconf 81' lang='lat' dir='ltr'>licet,</span> <span class='ocrx_word' id='word_1_469' title='bbox 937 4001 1009 4071; x_wconf 86' lang='lat' dir='ltr'>quod</span> 
     </span>
     <span class='ocr_line' id='line_1_70' title="bbox 218 4075 1010 4166; baseline 0 -18"><span class='ocrx_word' id='word_1_470' title='bbox 218 4095 305 4148; x_wconf 84' lang='lat' dir='ltr'>relati</span> <span class='ocrx_word' id='word_1_471' title='bbox 321 4095 449 4149; x_wconf 86' lang='lat' dir='ltr'>incedant</span> <span class='ocrx_word' id='word_1_472' title='bbox 466 4114 474 4149; x_wconf 76' lang='lat' dir='ltr'>a</span> <span class='ocrx_word' id='word_1_473' title='bbox 492 4094 576 4150; x_wconf 87' lang='lat' dir='ltr'>multo</span> <span class='ocrx_word' id='word_1_474' title='bbox 592 4075 751 4166; x_wconf 77' lang='lat' dir='ltr'>trragisilla,</span> <span class='ocrx_word' id='word_1_475' title='bbox 767 4108 827 4165; x_wconf 84' lang='lat' dir='ltr'>quae</span> <span class='ocrx_word' id='word_1_476' title='bbox 843 4095 924 4148; x_wconf 87' lang='lat' dir='ltr'>etiarn</span> <span class='ocrx_word' id='word_1_477' title='bbox 940 4093 1010 4148; x_wconf 91' lang='lat' dir='ltr'>laico</span> 
     </span>
     <span class='ocr_line' id='line_1_71' title="bbox 219 4188 413 4257; baseline 0.01 -17"><span class='ocrx_word' id='word_1_478' title='bbox 219 4188 413 4257; x_wconf 86' lang='lat' dir='ltr'>probibentur.</span> 
     </span>
    </p>

    <p class='ocr_par' dir='ltr' id='par_1_23' title="bbox 263 4280 818 4349">
     <span class='ocr_line' id='line_1_72' title="bbox 263 4280 818 4349; baseline 0.002 -16"><span class='ocrx_word' id='word_1_479' title='bbox 263 4298 273 4333; x_wconf 84' lang='lat' dir='ltr'>r</span> <span class='ocrx_word' id='word_1_480' title='bbox 293 4280 430 4336; x_wconf 79' lang='lat' dir='ltr'>Solutum.</span> <span class='ocrx_word' id='word_1_481' title='bbox 451 4300 460 4332; x_wconf 82' lang='grc'>1</span> <span class='ocrx_word' id='word_1_482' title='bbox 479 4283 512 4336; x_wconf 82' lang='lat' dir='ltr'>Et</span> <span class='ocrx_word' id='word_1_483' title='bbox 528 4291 630 4345; x_wconf 81' lang='lat' dir='ltr'>mente,</span> <span class='ocrx_word' id='word_1_484' title='bbox 645 4288 672 4336; x_wconf 89' lang='lat' dir='ltr'>et</span> <span class='ocrx_word' id='word_1_485' title='bbox 692 4294 818 4349; x_wconf 88' lang='lat' dir='ltr'>corpore.</span> 
     </span>
    </p>

    <p class='ocr_par' dir='ltr' id='par_1_24' title="bbox 218 4370 1010 4529">
     <span class='ocr_line' id='line_1_73' title="bbox 263 4370 1010 4444; baseline -0.001 -17"><span class='ocrx_word' id='word_1_486' title='bbox 263 4392 272 4422; x_wconf 82' lang='grc'>1</span> <span class='ocrx_word' id='word_1_487' title='bbox 293 4375 437 4437; x_wconf 85' lang='lat' dir='ltr'>Ornatam,</span> <span class='ocrx_word' id='word_1_488' title='bbox 460 4374 633 4444; x_wconf 87' lang='lat' dir='ltr'>prudentem,</span> <span class='ocrx_word' id='word_1_489' title='bbox 649 4373 790 4443; x_wconf 92' lang='lat' dir='ltr'>pudicum.</span> <span class='ocrx_word' id='word_1_490' title='bbox 812 4391 821 4424; x_wconf 86' lang='grc'>1</span> <span class='ocrx_word' id='word_1_491' title='bbox 844 4370 892 4426; x_wconf 86' lang='lat' dir='ltr'>llis</span> <span class='ocrx_word' id='word_1_492' title='bbox 917 4372 1010 4427; x_wconf 91' lang='lat' dir='ltr'>omni-</span> 
     </span>
     <span class='ocr_line' id='line_1_74' title="bbox 218 4461 672 4529; baseline -0.002 -12"><span class='ocrx_word' id='word_1_493' title='bbox 218 4465 275 4517; x_wconf 86' lang='lat' dir='ltr'>hus</span> <span class='ocrx_word' id='word_1_494' title='bbox 289 4461 474 4529; x_wconf 83' lang='lat' dir='ltr'>spiritualibus</span> <span class='ocrx_word' id='word_1_495' title='bbox 492 4463 672 4517; x_wconf 85' lang='lat' dir='ltr'>ornamentis.</span> 
     </span>
    </p>

    <p class='ocr_par' dir='ltr' id='par_1_25' title="bbox 219 4553 1010 4719">
     <span class='ocr_line' id='line_1_75' title="bbox 263 4553 1010 4626; baseline 0.007 -21"><span class='ocrx_word' id='word_1_496' title='bbox 263 4553 472 4622; x_wconf 80' lang='lat' dir='ltr'>clloupitalenr.</span> <span class='ocrx_word' id='word_1_497' title='bbox 508 4573 518 4607; x_wconf 84' lang='grc'>1</span> <span class='ocrx_word' id='word_1_498' title='bbox 543 4556 584 4610; x_wconf 80' lang='lat' dir='ltr'>hd</span> <span class='ocrx_word' id='word_1_499' title='bbox 606 4556 783 4611; x_wconf 85' lang='lat' dir='ltr'>immanitatis</span> <span class='ocrx_word' id='word_1_500' title='bbox 813 4571 882 4626; x_wconf 85' lang='lat' dir='ltr'>opus</span> <span class='ocrx_word' id='word_1_501' title='bbox 913 4567 1010 4620; x_wconf 84' lang='lat' dir='ltr'>cuncta</span> 
     </span>
     <span class='ocr_line' id='line_1_76' title="bbox 219 4629 727 4719; baseline 0.012 -19"><span class='ocrx_word' id='word_1_502' title='bbox 219 4646 304 4719; x_wconf 85' lang='lat' dir='ltr'>plebs</span> <span class='ocrx_word' id='word_1_503' title='bbox 321 4629 435 4702; x_wconf 80' lang='lat' dir='ltr'>rectoris</span> <span class='ocrx_word' id='word_1_504' title='bbox 449 4647 537 4711; x_wconf 80' lang='lat' dir='ltr'>fornia</span> <span class='ocrx_word' id='word_1_505' title='bbox 553 4662 727 4718; x_wconf 83' lang='lat' dir='ltr'>provocetur.</span> 
     </span>
    </p>

    <p class='ocr_par' dir='ltr' id='par_1_26' title="bbox 218 4739 1014 5182">
     <span class='ocr_line' id='line_1_77' title="bbox 266 4739 1013 4815; baseline 0.009 -23"><span class='ocrx_word' id='word_1_506' title='bbox 266 4739 450 4796; x_wconf 76' lang='lat' dir='ltr'>illectorem.</span> <span class='ocrx_word' id='word_1_507' title='bbox 473 4757 483 4792; x_wconf 89' lang='lat' dir='ltr'>r</span> <span class='ocrx_word' id='word_1_508' title='bbox 503 4742 570 4794; x_wconf 88' lang='lat' dir='ltr'>Turn</span> <span class='ocrx_word' id='word_1_509' title='bbox 596 4744 690 4811; x_wconf 85' lang='lat' dir='ltr'>rerlro,</span> <span class='ocrx_word' id='word_1_510' title='bbox 706 4758 787 4812; x_wconf 87' lang='lat' dir='ltr'>quarn</span> <span class='ocrx_word' id='word_1_511' title='bbox 817 4743 954 4815; x_wconf 84' lang='lat' dir='ltr'>exetuplo.</span> <span class='ocrx_word' id='word_1_512' title='bbox 983 4743 1013 4799; x_wconf 86' lang='lat' dir='ltr'>Si</span> 
     </span>
     <span class='ocr_line' id='line_1_78' title="bbox 223 4832 1012 4903; baseline 0.005 -15"><span class='ocrx_word' id='word_1_513' title='bbox 223 4835 302 4888; x_wconf 86' lang='lat' dir='ltr'>eninr</span> <span class='ocrx_word' id='word_1_514' title='bbox 330 4832 451 4887; x_wconf 87' lang='lat' dir='ltr'>omniurn</span> <span class='ocrx_word' id='word_1_515' title='bbox 478 4840 542 4888; x_wconf 88' lang='lat' dir='ltr'>rota</span> <span class='ocrx_word' id='word_1_516' title='bbox 570 4835 644 4890; x_wconf 88' lang='lat' dir='ltr'>scire</span> <span class='ocrx_word' id='word_1_517' title='bbox 672 4837 800 4903; x_wconf 85' lang='lat' dir='ltr'>uoluerit,</span> <span class='ocrx_word' id='word_1_518' title='bbox 825 4836 865 4891; x_wconf 92' lang='lat' dir='ltr'>rel</span> <span class='ocrx_word' id='word_1_519' title='bbox 892 4837 1012 4902; x_wconf 85' lang='lat' dir='ltr'>deberet,</span> 
     </span>
     <span class='ocr_line' id='line_1_79' title="bbox 219 4927 1014 5001; baseline 0.014 -26"><span class='ocrx_word' id='word_1_520' title='bbox 219 4929 361 4998; x_wconf 73' lang='lat' dir='ltr'>qrtnmotlo</span> <span class='ocrx_word' id='word_1_521' title='bbox 374 4940 471 4982; x_wconf 89' lang='lat' dir='ltr'>omnes</span> <span class='ocrx_word' id='word_1_522' title='bbox 485 4927 594 4982; x_wconf 82' lang='lat' dir='ltr'>valeant</span> <span class='ocrx_word' id='word_1_523' title='bbox 606 4930 772 4998; x_wconf 87' lang='lat' dir='ltr'>respondere</span> <span class='ocrx_word' id='word_1_524' title='bbox 786 4946 793 4984; x_wconf 94' lang='lat'><strong>:</strong></span> <span class='ocrx_word' id='word_1_525' title='bbox 812 4942 915 4999; x_wconf 81' lang='lat' dir='ltr'>quatrio</span> <span class='ocrx_word' id='word_1_526' title='bbox 928 4932 1014 5001; x_wconf 76' lang='lat' dir='ltr'>nangis</span> 
     </span>
     <span class='ocr_line' id='line_1_80' title="bbox 221 5016 1014 5090; baseline 0.006 -18"><span class='ocrx_word' id='word_1_527' title='bbox 221 5018 355 5072; x_wconf 85' lang='lat' dir='ltr'>sacerdos</span> <span class='ocrx_word' id='word_1_528' title='bbox 370 5016 456 5088; x_wconf 75' lang='lat' dir='ltr'>legem</span> <span class='ocrx_word' id='word_1_529' title='bbox 475 5020 615 5085; x_wconf 73' lang='lat' dir='ltr'>extruiretl</span> <span class='ocrx_word' id='word_1_530' title='bbox 637 5022 702 5090; x_wconf 83' lang='lat' dir='ltr'>quia</span> <span class='ocrx_word' id='word_1_531' title='bbox 724 5019 838 5090; x_wconf 77' lang='lat' dir='ltr'>angelus</span> <span class='ocrx_word' id='word_1_532' title='bbox 858 5021 905 5077; x_wconf 86' lang='lat' dir='ltr'>hei</span> <span class='ocrx_word' id='word_1_533' title='bbox 922 5022 1014 5077; x_wconf 91' lang='lat' dir='ltr'>omni·</span> 
     </span>
     <span class='ocr_line' id='line_1_81' title="bbox 218 5108 656 5182; baseline 0.007 -19"><span class='ocrx_word' id='word_1_534' title='bbox 218 5110 342 5182; x_wconf 91' lang='lat' dir='ltr'>potentis</span> <span class='ocrx_word' id='word_1_535' title='bbox 360 5119 401 5163; x_wconf 82' lang='lat' dir='ltr'>est</span> <span class='ocrx_word' id='word_1_536' title='bbox 419 5108 550 5177; x_wconf 83' lang='lat' dir='ltr'>(llcluch.</span> <span class='ocrx_word' id='word_1_537' title='bbox 571 5125 601 5174; x_wconf 85' lang='grc'>11,</span> <span class='ocrx_word' id='word_1_538' title='bbox 618 5111 656 5181; x_wconf 83' lang='lat' dir='ltr'>t).</span> 
     </span>
    </p>

    <p class='ocr_par' dir='ltr' id='par_1_27' title="bbox 223 5198 1014 5363">
     <span class='ocr_line' id='line_1_82' title="bbox 266 5198 1014 5274; baseline 0.011 -22"><span class='ocrx_word' id='word_1_539' title='bbox 266 5218 275 5252; x_wconf 93' lang='lat' dir='ltr'>t</span> <span class='ocrx_word' id='word_1_540' title='bbox 291 5198 348 5256; x_wconf 85' lang='lat' dir='ltr'>Non</span> <span class='ocrx_word' id='word_1_541' title='bbox 367 5202 543 5258; x_wconf 83' lang='lat' dir='ltr'>vinolentum.</span> <span class='ocrx_word' id='word_1_542' title='bbox 564 5221 573 5254; x_wconf 90' lang='grc'>1</span> <span class='ocrx_word' id='word_1_543' title='bbox 592 5200 627 5257; x_wconf 92' lang='lat' dir='ltr'>Ut</span> <span class='ocrx_word' id='word_1_544' title='bbox 641 5204 805 5261; x_wconf 84' lang='lat' dir='ltr'>fiducialiter</span> <span class='ocrx_word' id='word_1_545' title='bbox 822 5205 910 5274; x_wconf 92' lang='lat' dir='ltr'>possit</span> <span class='ocrx_word' id='word_1_546' title='bbox 925 5206 1014 5260; x_wconf 85' lang='lat' dir='ltr'>corri-</span> 
     </span>
     <span class='ocr_line' id='line_1_83' title="bbox 223 5292 438 5363; baseline 0.028 -20"><span class='ocrx_word' id='word_1_547' title='bbox 223 5305 291 5363; x_wconf 88' lang='lat' dir='ltr'>pere</span> <span class='ocrx_word' id='word_1_548' title='bbox 304 5292 438 5349; x_wconf 82' lang='lat' dir='ltr'>ebriosos.</span> 
     </span>
    </p>

    <p class='ocr_par' dir='ltr' id='par_1_28' title="bbox 222 5381 1014 5626">
     <span class='ocr_line' id='line_1_84' title="bbox 268 5381 1014 5457; baseline 0.011 -23"><span class='ocrx_word' id='word_1_549' title='bbox 268 5381 356 5437; x_wconf 77' lang='lat' dir='ltr'>«Nori</span> <span class='ocrx_word' id='word_1_550' title='bbox 382 5400 585 5455; x_wconf 83' lang='lat' dir='ltr'>percussorem.</span> <span class='ocrx_word' id='word_1_551' title='bbox 605 5404 615 5438; x_wconf 86' lang='grc'>1</span> <span class='ocrx_word' id='word_1_552' title='bbox 635 5385 699 5440; x_wconf 84' lang='lat' dir='ltr'>Siue</span> <span class='ocrx_word' id='word_1_553' title='bbox 720 5401 754 5441; x_wconf 90' lang='lat' dir='ltr'>nc</span> <span class='ocrx_word' id='word_1_554' title='bbox 769 5387 804 5442; x_wconf 90' lang='lat' dir='ltr'>sit</span> <span class='ocrx_word' id='word_1_555' title='bbox 829 5389 954 5457; x_wconf 87' lang='lat' dir='ltr'>petulans</span> <span class='ocrx_word' id='word_1_556' title='bbox 981 5387 1014 5442; x_wconf 85' lang='lat' dir='ltr'>ad</span> 
     </span>
     <span class='ocr_line' id='line_1_85' title="bbox 224 5477 1014 5550; baseline 0.009 -21"><span class='ocrx_word' id='word_1_557' title='bbox 224 5477 385 5530; x_wconf 77' lang='lat' dir='ltr'>caedendum</span> <span class='ocrx_word' id='word_1_558' title='bbox 401 5495 407 5531; x_wconf 92' lang='lat'><strong>:</strong></span> <span class='ocrx_word' id='word_1_559' title='bbox 424 5481 529 5534; x_wconf 87' lang='lat' dir='ltr'>sirene</span> <span class='ocrx_word' id='word_1_560' title='bbox 546 5480 619 5535; x_wconf 88' lang='lat' dir='ltr'>malo</span> <span class='ocrx_word' id='word_1_561' title='bbox 637 5485 761 5550; x_wconf 81' lang='lat' dir='ltr'>esernplo</span> <span class='ocrx_word' id='word_1_562' title='bbox 779 5483 964 5537; x_wconf 89' lang='lat' dir='ltr'>conscientias</span> <span class='ocrx_word' id='word_1_563' title='bbox 976 5481 1014 5536; x_wconf 90' lang='lat' dir='ltr'>le-</span> 
     </span>
     <span class='ocr_line' id='line_1_86' title="bbox 222 5569 480 5626; baseline 0.008 -1"><span class='ocrx_word' id='word_1_564' title='bbox 222 5571 279 5625; x_wconf 75' lang='lat' dir='ltr'>rini</span> <span class='ocrx_word' id='word_1_565' title='bbox 300 5569 480 5626; x_wconf 81' lang='lat' dir='ltr'>iniittrrotunt.</span> 
     </span>
    </p>

    <p class='ocr_par' dir='ltr' id='par_1_29' title="bbox 219 5659 1012 5809">
     <span class='ocr_line' id='line_1_87' title="bbox 262 5659 1012 5731; baseline 0.012 -19"><span class='ocrx_word' id='word_1_566' title='bbox 262 5678 273 5711; x_wconf 82' lang='lat' dir='ltr'>c</span> <span class='ocrx_word' id='word_1_567' title='bbox 294 5659 347 5715; x_wconf 86' lang='lat' dir='ltr'>Sed</span> <span class='ocrx_word' id='word_1_568' title='bbox 359 5661 523 5719; x_wconf 87' lang='lat' dir='ltr'>rnodestutn.</span> <span class='ocrx_word' id='word_1_569' title='bbox 542 5684 552 5718; x_wconf 84' lang='grc'>1</span> <span class='ocrx_word' id='word_1_570' title='bbox 568 5664 620 5731; x_wconf 85' lang='lat' dir='ltr'>Qui</span> <span class='ocrx_word' id='word_1_571' title='bbox 637 5667 728 5721; x_wconf 89' lang='lat' dir='ltr'>ontnia</span> <span class='ocrx_word' id='word_1_572' title='bbox 748 5665 831 5721; x_wconf 81' lang='lat' dir='ltr'>iaciat</span> <span class='ocrx_word' id='word_1_573' title='bbox 849 5681 913 5721; x_wconf 89' lang='lat' dir='ltr'>curn</span> <span class='ocrx_word' id='word_1_574' title='bbox 932 5682 1012 5721; x_wconf 89' lang='lat' dir='ltr'>men·</span> 
     </span>
     <span class='ocr_line' id='line_1_88' title="bbox 219 5765 300 5809; baseline -0.074 0"><span class='ocrx_word' id='word_1_575' title='bbox 219 5765 300 5809; x_wconf 72' lang='lat' dir='ltr'>tuta.</span> 
     </span>
    </p>

    <p class='ocr_par' dir='ltr' id='par_1_30' title="bbox 221 5846 1013 6010">
     <span class='ocr_line' id='line_1_89' title="bbox 261 5846 1013 5919; baseline 0.009 -22"><span class='ocrx_word' id='word_1_576' title='bbox 261 5864 271 5897; x_wconf 91' lang='lat' dir='ltr'>t</span> <span class='ocrx_word' id='word_1_577' title='bbox 290 5846 351 5901; x_wconf 90' lang='lat' dir='ltr'>Non</span> <span class='ocrx_word' id='word_1_578' title='bbox 366 5848 523 5919; x_wconf 79' lang='lat' dir='ltr'>litigiosum,</span> <span class='ocrx_word' id='word_1_579' title='bbox 540 5850 679 5919; x_wconf 89' lang='lat' dir='ltr'>cophium,</span> <span class='ocrx_word' id='word_1_580' title='bbox 697 5849 744 5906; x_wconf 85' lang='lat' dir='ltr'>sed</span> <span class='ocrx_word' id='word_1_581' title='bbox 763 5866 818 5907; x_wconf 82' lang='lat' dir='ltr'>suu</span> <span class='ocrx_word' id='word_1_582' title='bbox 834 5849 930 5905; x_wconf 88' lang='lat' dir='ltr'>domui</span> <span class='ocrx_word' id='word_1_583' title='bbox 943 5849 1013 5905; x_wconf 88' lang='lat' dir='ltr'>bene</span> 
     </span>
     <span class='ocr_line' id='line_1_90' title="bbox 221 5940 1012 6010; baseline 0.011 -18"><span class='ocrx_word' id='word_1_584' title='bbox 221 5940 415 6010; x_wconf 75' lang='lat' dir='ltr'>prepositum,</span> <span class='ocrx_word' id='word_1_585' title='bbox 440 5942 509 5999; x_wconf 85' lang='lat' dir='ltr'>lilios</span> <span class='ocrx_word' id='word_1_586' title='bbox 533 5943 677 6001; x_wconf 84' lang='lat' dir='ltr'>liabentenr</span> <span class='ocrx_word' id='word_1_587' title='bbox 707 5945 831 6001; x_wconf 83' lang='lat' dir='ltr'>subditos</span> <span class='ocrx_word' id='word_1_588' title='bbox 849 5958 912 6002; x_wconf 90' lang='lat' dir='ltr'>cnm</span> <span class='ocrx_word' id='word_1_589' title='bbox 938 5945 1012 6001; x_wconf 87' lang='lat' dir='ltr'>onrni</span> 
     </span>
    </p>
   </div>
   <div class='ocr_carea' id='block_1_9' title="bbox 1059 3453 1852 4628">
    <p class='ocr_par' dir='ltr' id='par_1_31' title="bbox 1059 3453 1851 4078">
     <span class='ocr_line' id='line_1_91' title="bbox 1059 3453 1851 3533; baseline -0.019 -14"><span class='ocrx_word' id='word_1_590' title='bbox 1059 3473 1100 3519; x_wconf 92' lang='lat' dir='ltr'>est</span> <span class='ocrx_word' id='word_1_591' title='bbox 1112 3461 1212 3533; x_wconf 77' lang='lat' dir='ltr'>gradus</span> <span class='ocrx_word' id='word_1_592' title='bbox 1229 3478 1235 3514; x_wconf 93' lang='lat'>:</span> <span class='ocrx_word' id='word_1_593' title='bbox 1253 3459 1324 3514; x_wconf 91' lang='lat' dir='ltr'>sieut</span> <span class='ocrx_word' id='word_1_594' title='bbox 1343 3459 1378 3512; x_wconf 91' lang='lat' dir='ltr'>ad</span> <span class='ocrx_word' id='word_1_595' title='bbox 1391 3457 1584 3526; x_wconf 82' lang='lat' dir='ltr'>Philippenses</span> <span class='ocrx_word' id='word_1_596' title='bbox 1595 3455 1733 3524; x_wconf 88' lang='lat' dir='ltr'>episcopis</span> <span class='ocrx_word' id='word_1_597' title='bbox 1744 3468 1775 3506; x_wconf 85' lang='lat' dir='ltr'>ac</span> <span class='ocrx_word' id='word_1_598' title='bbox 1789 3453 1851 3506; x_wconf 85' lang='lat' dir='ltr'>dia·</span> 
     </span>
     <span class='ocr_line' id='line_1_92' title="bbox 1059 3546 1851 3621; baseline -0.011 -12"><span class='ocrx_word' id='word_1_599' title='bbox 1059 3555 1136 3610; x_wconf 91' lang='lat' dir='ltr'>conis</span> <span class='ocrx_word' id='word_1_600' title='bbox 1150 3553 1246 3607; x_wconf 84' lang='lat' dir='ltr'>scribit</span> <span class='ocrx_word' id='word_1_601' title='bbox 1261 3550 1392 3621; x_wconf 81' lang='lat' dir='ltr'>(Philipp.</span> <span class='ocrx_word' id='word_1_602' title='bbox 1411 3566 1430 3614; x_wconf 87' lang='grc'>1,</span> <span class='ocrx_word' id='word_1_603' title='bbox 1447 3551 1484 3619; x_wconf 84' lang='lat' dir='ltr'>ll,</span> <span class='ocrx_word' id='word_1_604' title='bbox 1499 3564 1562 3604; x_wconf 90' lang='lat' dir='ltr'>curn</span> <span class='ocrx_word' id='word_1_605' title='bbox 1578 3563 1631 3602; x_wconf 90' lang='lat' dir='ltr'>una</span> <span class='ocrx_word' id='word_1_606' title='bbox 1645 3547 1743 3602; x_wconf 82' lang='lat' dir='ltr'>ciuitas</span> <span class='ocrx_word' id='word_1_607' title='bbox 1758 3546 1851 3615; x_wconf 87' lang='lat' dir='ltr'>plures</span> 
     </span>
     <span class='ocr_line' id='line_1_93' title="bbox 1060 3641 1850 3717; baseline -0.006 -19"><span class='ocrx_word' id='word_1_608' title='bbox 1060 3649 1199 3717; x_wconf 83' lang='lat' dir='ltr'>episcopos</span> <span class='ocrx_word' id='word_1_609' title='bbox 1211 3646 1313 3700; x_wconf 89' lang='lat' dir='ltr'>babere</span> <span class='ocrx_word' id='word_1_610' title='bbox 1331 3660 1383 3698; x_wconf 93' lang='lat' dir='ltr'>non</span> <span class='ocrx_word' id='word_1_611' title='bbox 1400 3643 1498 3714; x_wconf 83' lang='lat' dir='ltr'>possit,</span> <span class='ocrx_word' id='word_1_612' title='bbox 1516 3654 1543 3697; x_wconf 89' lang='lat' dir='ltr'>et</span> <span class='ocrx_word' id='word_1_613' title='bbox 1564 3643 1590 3696; x_wconf 94' lang='lat' dir='ltr'>in</span> <span class='ocrx_word' id='word_1_614' title='bbox 1608 3641 1721 3696; x_wconf 77' lang='lat' dir='ltr'>Actibus</span> <span class='ocrx_word' id='word_1_615' title='bbox 1737 3647 1850 3709; x_wconf 83' lang='lat' dir='ltr'>aposto·</span> 
     </span>
     <span class='ocr_line' id='line_1_94' title="bbox 1061 3731 1850 3807; baseline -0.013 -16"><span class='ocrx_word' id='word_1_616' title='bbox 1061 3739 1147 3792; x_wconf 88' lang='lat' dir='ltr'>inrum</span> <span class='ocrx_word' id='word_1_617' title='bbox 1164 3738 1339 3807; x_wconf 83' lang='lat' dir='ltr'>presbyteros</span> <span class='ocrx_word' id='word_1_618' title='bbox 1354 3734 1499 3797; x_wconf 79' lang='lat' dir='ltr'>Ecclesiae,</span> <span class='ocrx_word' id='word_1_619' title='bbox 1523 3733 1611 3788; x_wconf 90' lang='lat' dir='ltr'>iturus</span> <span class='ocrx_word' id='word_1_620' title='bbox 1635 3731 1850 3801; x_wconf 80' lang='lat' dir='ltr'>hierosolymas,</span> 
     </span>
     <span class='ocr_line' id='line_1_95' title="bbox 1060 3823 1850 3900; baseline -0.011 -16"><span class='ocrx_word' id='word_1_621' title='bbox 1060 3844 1240 3900; x_wconf 73' lang='lat' dir='ltr'>congregans,</span> <span class='ocrx_word' id='word_1_622' title='bbox 1260 3829 1324 3883; x_wconf 88' lang='lat' dir='ltr'>ait:</span> <span class='ocrx_word' id='word_1_623' title='bbox 1351 3825 1426 3880; x_wconf 81' lang='lat' dir='ltr'>luter</span> <span class='ocrx_word' id='word_1_624' title='bbox 1451 3837 1548 3880; x_wconf 80' lang='lat' dir='ltr'>cetero</span> <span class='ocrx_word' id='word_1_625' title='bbox 1578 3823 1662 3878; x_wconf 85' lang='lat' dir='ltr'>uidete</span> <span class='ocrx_word' id='word_1_626' title='bbox 1688 3838 1801 3892; x_wconf 78' lang='lat' dir='ltr'>prepete,</span> <span class='ocrx_word' id='word_1_627' title='bbox 1822 3840 1850 3875; x_wconf 87' lang='lat' dir='ltr'>tu</span> 
     </span>
     <span class='ocr_line' id='line_1_96' title="bbox 1059 3910 1849 3990; baseline -0.008 -19"><span class='ocrx_word' id='word_1_628' title='bbox 1059 3937 1110 3990; x_wconf 82' lang='lat' dir='ltr'>qno</span> <span class='ocrx_word' id='word_1_629' title='bbox 1125 3937 1170 3972; x_wconf 71' lang='lat' dir='ltr'>nris</span> <span class='ocrx_word' id='word_1_630' title='bbox 1186 3917 1301 3987; x_wconf 81' lang='lat' dir='ltr'>Spiritus</span> <span class='ocrx_word' id='word_1_631' title='bbox 1319 3926 1426 3972; x_wconf 83' lang='lat' dir='ltr'>tenetur</span> <span class='ocrx_word' id='word_1_632' title='bbox 1453 3916 1588 3984; x_wconf 82' lang='lat' dir='ltr'>epitropos</span> <span class='ocrx_word' id='word_1_633' title='bbox 1614 3911 1752 3964; x_wconf 77' lang='lat' dir='ltr'>ortinmn</span> <span class='ocrx_word' id='word_1_634' title='bbox 1777 3910 1849 3980; x_wconf 81' lang='lat' dir='ltr'>(Act.</span> 
     </span>
     <span class='ocr_line' id='line_1_97' title="bbox 1062 4011 1180 4078; baseline -0.025 -12"><span class='ocrx_word' id='word_1_635' title='bbox 1062 4011 1180 4078; x_wconf 76' lang='lat' dir='ltr'>xr,28).</span> 
     </span>
    </p>

    <p class='ocr_par' dir='ltr' id='par_1_32' title="bbox 1100 4097 1612 4156">
     <span class='ocr_line' id='line_1_98' title="bbox 1100 4097 1612 4156; baseline -0.014 -1"><span class='ocrx_word' id='word_1_636' title='bbox 1100 4122 1109 4155; x_wconf 87' lang='lat' dir='ltr'>r</span> <span class='ocrx_word' id='word_1_637' title='bbox 1129 4101 1256 4156; x_wconf 86' lang='lat' dir='ltr'>Pudicos.</span> <span class='ocrx_word' id='word_1_638' title='bbox 1275 4119 1284 4152; x_wconf 89' lang='grc'>1</span> <span class='ocrx_word' id='word_1_639' title='bbox 1302 4099 1478 4154; x_wconf 78' lang='lat' dir='ltr'>continentes</span> <span class='ocrx_word' id='word_1_640' title='bbox 1496 4097 1612 4152; x_wconf 89' lang='lat' dir='ltr'>scilicet.</span> 
     </span>
    </p>

    <p class='ocr_par' dir='ltr' id='par_1_33' title="bbox 1065 4183 1851 4354">
     <span class='ocr_line' id='line_1_99' title="bbox 1102 4183 1851 4268; baseline -0.011 -21"><span class='ocrx_word' id='word_1_641' title='bbox 1102 4212 1112 4246; x_wconf 89' lang='lat' dir='ltr'>r</span> <span class='ocrx_word' id='word_1_642' title='bbox 1130 4192 1188 4268; x_wconf 77' lang='lat' dir='ltr'>lion</span> <span class='ocrx_word' id='word_1_643' title='bbox 1206 4193 1379 4263; x_wconf 76' lang='lat' dir='ltr'>bilingues.»</span> <span class='ocrx_word' id='word_1_644' title='bbox 1401 4190 1522 4245; x_wconf 88' lang='lat' dir='ltr'>Stuurro</span> <span class='ocrx_word' id='word_1_645' title='bbox 1546 4201 1574 4244; x_wconf 87' lang='lat' dir='ltr'>et</span> <span class='ocrx_word' id='word_1_646' title='bbox 1589 4186 1721 4256; x_wconf 65' lang='lat' dir='ltr'>bilinguis</span> <span class='ocrx_word' id='word_1_647' title='bbox 1748 4183 1851 4240; x_wconf 88' lang='lat' dir='ltr'>multos</span> 
     </span>
     <span class='ocr_line' id='line_1_100' title="bbox 1065 4283 1446 4354; baseline -0.016 -13"><span class='ocrx_word' id='word_1_648' title='bbox 1065 4289 1167 4348; x_wconf 85' lang='lat' dir='ltr'>turbat,</span> <span class='ocrx_word' id='word_1_649' title='bbox 1183 4300 1275 4354; x_wconf 88' lang='lat' dir='ltr'>paoem</span> <span class='ocrx_word' id='word_1_650' title='bbox 1302 4283 1446 4338; x_wconf 81' lang='lat' dir='ltr'>hahentes.</span> 
     </span>
    </p>

    <p class='ocr_par' dir='ltr' id='par_1_34' title="bbox 1064 4358 1850 4543">
     <span class='ocr_line' id='line_1_101' title="bbox 1103 4358 1850 4432; baseline -0.008 -2"><span class='ocrx_word' id='word_1_651' title='bbox 1103 4398 1113 4430; x_wconf 84' lang='lat' dir='ltr'>r</span> <span class='ocrx_word' id='word_1_652' title='bbox 1132 4377 1189 4432; x_wconf 86' lang='lat' dir='ltr'>Nou</span> <span class='ocrx_word' id='word_1_653' title='bbox 1202 4378 1286 4430; x_wconf 94' lang='lat' dir='ltr'>multo</span> <span class='ocrx_word' id='word_1_654' title='bbox 1297 4379 1360 4430; x_wconf 81' lang='lat' dir='ltr'>ritin</span> <span class='ocrx_word' id='word_1_655' title='bbox 1374 4358 1516 4430; x_wconf 75' lang='lat' dir='ltr'>deditos.»</span> <span class='ocrx_word' id='word_1_656' title='bbox 1533 4372 1678 4429; x_wconf 77' lang='lat' dir='ltr'>Concessit</span> <span class='ocrx_word' id='word_1_657' title='bbox 1693 4369 1850 4426; x_wconf 81' lang='lat' dir='ltr'>necessitati</span> 
     </span>
     <span class='ocr_line' id='line_1_102' title="bbox 1064 4465 1686 4543; baseline -0.013 -17"><span class='ocrx_word' id='word_1_658' title='bbox 1064 4472 1235 4543; x_wconf 68' lang='lat' dir='ltr'>perannum</span> <span class='ocrx_word' id='word_1_659' title='bbox 1253 4468 1382 4538; x_wconf 82' lang='lat' dir='ltr'>uoluptati</span> <span class='ocrx_word' id='word_1_660' title='bbox 1399 4466 1515 4535; x_wconf 85' lang='lat' dir='ltr'>amplius</span> <span class='ocrx_word' id='word_1_661' title='bbox 1531 4465 1686 4534; x_wconf 79' lang='lat' dir='ltr'>denegarit.</span> 
     </span>
    </p>

    <p class='ocr_par' dir='ltr' id='par_1_35' title="bbox 1104 4553 1852 4628">
     <span class='ocr_line' id='line_1_103' title="bbox 1104 4553 1852 4628; baseline -0.015 -12"><span class='ocrx_word' id='word_1_662' title='bbox 1104 4553 1281 4628; x_wconf 79' lang='lat' dir='ltr'>‹Nectu&#39;rne</span> <span class='ocrx_word' id='word_1_663' title='bbox 1297 4563 1403 4613; x_wconf 90' lang='lat' dir='ltr'>lucrnnt</span> <span class='ocrx_word' id='word_1_664' title='bbox 1423 4565 1574 4613; x_wconf 85' lang='lat' dir='ltr'>sectantes.</span> <span class='ocrx_word' id='word_1_665' title='bbox 1597 4575 1607 4608; x_wconf 88' lang='grc'>1</span> <span class='ocrx_word' id='word_1_666' title='bbox 1630 4555 1722 4622; x_wconf 88' lang='lat' dir='ltr'>Turpe</span> <span class='ocrx_word' id='word_1_667' title='bbox 1748 4553 1852 4608; x_wconf 92' lang='lat' dir='ltr'>lucrmn</span> 
     </span>
    </p>
   </div>
   <div class='ocr_carea' id='block_1_10' title="bbox 1029 4647 1764 4723">
    <p class='ocr_par' dir='ltr' id='par_1_36' title="bbox 1029 4647 1764 4723">
     <span class='ocr_line' id='line_1_104' title="bbox 1029 4647 1764 4723; baseline -0.016 -11"><span class='ocrx_word' id='word_1_668' title='bbox 1029 4652 1109 4712; x_wconf 78' lang='lat' dir='ltr'>Dest</span> <span class='ocrx_word' id='word_1_669' title='bbox 1122 4656 1155 4710; x_wconf 90' lang='lat' dir='ltr'>de</span> <span class='ocrx_word' id='word_1_670' title='bbox 1171 4654 1333 4710; x_wconf 82' lang='lat' dir='ltr'>scelestibus</span> <span class='ocrx_word' id='word_1_671' title='bbox 1354 4649 1500 4723; x_wconf 88' lang='lat' dir='ltr'>mysteriis.</span> <span class='ocrx_word' id='word_1_672' title='bbox 1515 4657 1624 4704; x_wconf 84' lang='lat' dir='ltr'>terrena</span> <span class='ocrx_word' id='word_1_673' title='bbox 1652 4647 1764 4701; x_wconf 82' lang='lat' dir='ltr'>secturi.</span> 
     </span>
    </p>
   </div>
   <div class='ocr_carea' id='block_1_11' title="bbox 1067 4740 1858 5731">
    <p class='ocr_par' dir='ltr' id='par_1_37' title="bbox 1067 4740 1857 5363">
     <span class='ocr_line' id='line_1_105' title="bbox 1106 4740 1850 4816; baseline -0.011 -17"><span class='ocrx_word' id='word_1_674' title='bbox 1106 4769 1114 4799; x_wconf 90' lang='lat' dir='ltr'>t</span> <span class='ocrx_word' id='word_1_675' title='bbox 1131 4746 1266 4801; x_wconf 86' lang='lat' dir='ltr'>liabentes</span> <span class='ocrx_word' id='word_1_676' title='bbox 1278 4748 1436 4816; x_wconf 74' lang='lat' dir='ltr'>mysterium</span> <span class='ocrx_word' id='word_1_677' title='bbox 1450 4744 1510 4798; x_wconf 89' lang='lat' dir='ltr'>lidei</span> <span class='ocrx_word' id='word_1_678' title='bbox 1523 4743 1550 4796; x_wconf 92' lang='lat' dir='ltr'>in</span> <span class='ocrx_word' id='word_1_679' title='bbox 1563 4740 1732 4796; x_wconf 81' lang='lat' dir='ltr'>conscicntia</span> <span class='ocrx_word' id='word_1_680' title='bbox 1745 4753 1824 4809; x_wconf 88' lang='lat' dir='ltr'>pura.</span> <span class='ocrx_word' id='word_1_681' title='bbox 1841 4755 1850 4788; x_wconf 86' lang='grc'>1</span> 
     </span>
     <span class='ocr_line' id='line_1_106' title="bbox 1067 4831 1853 4908; baseline -0.018 -16"><span class='ocrx_word' id='word_1_682' title='bbox 1067 4837 1226 4908; x_wconf 82' lang='lat' dir='ltr'>llysterium</span> <span class='ocrx_word' id='word_1_683' title='bbox 1246 4845 1298 4899; x_wconf 78' lang='lat' dir='ltr'>est,</span> <span class='ocrx_word' id='word_1_684' title='bbox 1319 4836 1390 4902; x_wconf 79' lang='lat' dir='ltr'>ntrod</span> <span class='ocrx_word' id='word_1_685' title='bbox 1411 4834 1503 4904; x_wconf 88' lang='lat' dir='ltr'>passio</span> <span class='ocrx_word' id='word_1_686' title='bbox 1521 4833 1624 4887; x_wconf 83' lang='lat' dir='ltr'>Christi</span> <span class='ocrx_word' id='word_1_687' title='bbox 1646 4831 1795 4898; x_wconf 90' lang='lat' dir='ltr'>redemptio</span> <span class='ocrx_word' id='word_1_688' title='bbox 1811 4838 1853 4879; x_wconf 82' lang='lat' dir='ltr'>est</span> 
     </span>
     <span class='ocr_line' id='line_1_107' title="bbox 1067 4922 1854 4994; baseline -0.017 -12"><span class='ocrx_word' id='word_1_689' title='bbox 1067 4929 1163 4982; x_wconf 77' lang='lat' dir='ltr'>salutis</span> <span class='ocrx_word' id='word_1_690' title='bbox 1177 4928 1300 4980; x_wconf 85' lang='lat' dir='ltr'>ltutnatne</span> <span class='ocrx_word' id='word_1_691' title='bbox 1318 4941 1326 4978; x_wconf 80' lang='lat' dir='ltr'>t</span> <span class='ocrx_word' id='word_1_692' title='bbox 1350 4925 1372 4980; x_wconf 73' lang='lat' dir='ltr'>si</span> <span class='ocrx_word' id='word_1_693' title='bbox 1388 4939 1453 4994; x_wconf 78' lang='lat' dir='ltr'>ergo</span> <span class='ocrx_word' id='word_1_694' title='bbox 1472 4922 1600 4991; x_wconf 69' lang='lat' dir='ltr'>intelligit</span> <span class='ocrx_word' id='word_1_695' title='bbox 1613 4938 1690 4992; x_wconf 83' lang='lat' dir='ltr'>pure,</span> <span class='ocrx_word' id='word_1_696' title='bbox 1721 4935 1772 4973; x_wconf 88' lang='lat' dir='ltr'>tlon</span> <span class='ocrx_word' id='word_1_697' title='bbox 1786 4934 1854 4973; x_wconf 89' lang='lat' dir='ltr'>con-</span> 
     </span>
     <span class='ocr_line' id='line_1_108' title="bbox 1068 5010 1854 5082; baseline -0.018 -7"><span class='ocrx_word' id='word_1_698' title='bbox 1068 5020 1192 5075; x_wconf 78' lang='lat' dir='ltr'>funditur</span> <span class='ocrx_word' id='word_1_699' title='bbox 1207 5021 1240 5071; x_wconf 89' lang='lat' dir='ltr'>de</span> <span class='ocrx_word' id='word_1_700' title='bbox 1260 5016 1415 5071; x_wconf 86' lang='lat' dir='ltr'>hnmilitate</span> <span class='ocrx_word' id='word_1_701' title='bbox 1432 5015 1546 5071; x_wconf 83' lang='lat' dir='ltr'>Christi.</span> <span class='ocrx_word' id='word_1_702' title='bbox 1559 5017 1623 5070; x_wconf 81' lang='lat' dir='ltr'>sive</span> <span class='ocrx_word' id='word_1_703' title='bbox 1637 5014 1658 5068; x_wconf 90' lang='lat' dir='ltr'>si</span> <span class='ocrx_word' id='word_1_704' title='bbox 1675 5022 1784 5082; x_wconf 89' lang='lat' dir='ltr'>propter</span> <span class='ocrx_word' id='word_1_705' title='bbox 1802 5010 1854 5064; x_wconf 90' lang='lat' dir='ltr'>hoe</span> 
     </span>
     <span class='ocr_line' id='line_1_109' title="bbox 1069 5089 1857 5179; baseline -0.018 -11"><span class='ocrx_word' id='word_1_706' title='bbox 1069 5112 1157 5169; x_wconf 89' lang='lat' dir='ltr'>solnm</span> <span class='ocrx_word' id='word_1_707' title='bbox 1171 5110 1303 5178; x_wconf 81' lang='lat' dir='ltr'>pro-dicat</span> <span class='ocrx_word' id='word_1_708' title='bbox 1322 5108 1483 5179; x_wconf 78' lang='lat' dir='ltr'>mysterium</span> <span class='ocrx_word' id='word_1_709' title='bbox 1503 5108 1575 5172; x_wconf 79' lang='lat' dir='ltr'>srdei,</span> <span class='ocrx_word' id='word_1_710' title='bbox 1591 5089 1706 5177; x_wconf 22' lang='lat' dir='ltr'>propter*</span> <span class='ocrx_word' id='word_1_711' title='bbox 1723 5103 1793 5172; x_wconf 82' lang='lat' dir='ltr'>tyuod</span> <span class='ocrx_word' id='word_1_712' title='bbox 1809 5102 1857 5155; x_wconf 86' lang='lat' dir='ltr'>dc·</span> 
     </span>
     <span class='ocr_line' id='line_1_110' title="bbox 1069 5198 1857 5273; baseline -0.014 -14"><span class='ocrx_word' id='word_1_713' title='bbox 1069 5203 1113 5259; x_wconf 77' lang='lat' dir='ltr'>bet</span> <span class='ocrx_word' id='word_1_714' title='bbox 1128 5203 1270 5273; x_wconf 79' lang='lat' dir='ltr'>praedicari</span> <span class='ocrx_word' id='word_1_715' title='bbox 1288 5218 1295 5254; x_wconf 91' lang='lat'>:</span> <span class='ocrx_word' id='word_1_716' title='bbox 1314 5216 1369 5255; x_wconf 91' lang='lat' dir='ltr'>unu</span> <span class='ocrx_word' id='word_1_717' title='bbox 1384 5202 1453 5255; x_wconf 85' lang='lat' dir='ltr'>ultra</span> <span class='ocrx_word' id='word_1_718' title='bbox 1467 5201 1589 5256; x_wconf 86' lang='lat' dir='ltr'>debitum</span> <span class='ocrx_word' id='word_1_719' title='bbox 1605 5198 1766 5271; x_wconf 76' lang='lat' dir='ltr'>mysterium</span> <span class='ocrx_word' id='word_1_720' title='bbox 1780 5210 1857 5266; x_wconf 80' lang='lat' dir='ltr'>que·</span> 
     </span>
     <span class='ocr_line' id='line_1_111' title="bbox 1070 5293 1538 5363; baseline -0.009 -12"><span class='ocrx_word' id='word_1_721' title='bbox 1070 5304 1143 5352; x_wconf 85' lang='lat' dir='ltr'>stum</span> <span class='ocrx_word' id='word_1_722' title='bbox 1161 5309 1222 5348; x_wconf 83' lang='lat' dir='ltr'>esse</span> <span class='ocrx_word' id='word_1_723' title='bbox 1242 5293 1379 5348; x_wconf 77' lang='lat' dir='ltr'>existimet</span> <span class='ocrx_word' id='word_1_724' title='bbox 1399 5294 1538 5363; x_wconf 84' lang='lat' dir='ltr'>pietatem.</span> 
     </span>
    </p>

    <p class='ocr_par' dir='ltr' id='par_1_38' title="bbox 1068 5380 1858 5641">
     <span class='ocr_line' id='line_1_112' title="bbox 1110 5380 1858 5454; baseline -0.007 -16"><span class='ocrx_word' id='word_1_725' title='bbox 1110 5405 1119 5438; x_wconf 87' lang='lat' dir='ltr'>r</span> <span class='ocrx_word' id='word_1_726' title='bbox 1143 5384 1176 5439; x_wconf 81' lang='lat' dir='ltr'>Et</span> <span class='ocrx_word' id='word_1_727' title='bbox 1194 5386 1221 5438; x_wconf 87' lang='lat' dir='ltr'>hi</span> <span class='ocrx_word' id='word_1_728' title='bbox 1237 5395 1328 5439; x_wconf 87' lang='lat' dir='ltr'>autem</span> <span class='ocrx_word' id='word_1_729' title='bbox 1344 5387 1495 5454; x_wconf 84' lang='lat' dir='ltr'>probentur</span> <span class='ocrx_word' id='word_1_730' title='bbox 1512 5386 1640 5454; x_wconf 74' lang='lat' dir='ltr'>prinlum,</span> <span class='ocrx_word' id='word_1_731' title='bbox 1656 5392 1683 5437; x_wconf 91' lang='lat' dir='ltr'>et</span> <span class='ocrx_word' id='word_1_732' title='bbox 1700 5382 1743 5438; x_wconf 91' lang='lat' dir='ltr'>sic</span> <span class='ocrx_word' id='word_1_733' title='bbox 1775 5380 1858 5436; x_wconf 90' lang='lat' dir='ltr'>mini-</span> 
     </span>
     <span class='ocr_line' id='line_1_113' title="bbox 1068 5472 1857 5544; baseline -0.013 -9"><span class='ocrx_word' id='word_1_734' title='bbox 1068 5487 1169 5544; x_wconf 81' lang='lat' dir='ltr'>strent,</span> <span class='ocrx_word' id='word_1_735' title='bbox 1181 5478 1283 5531; x_wconf 92' lang='lat' dir='ltr'>nullum</span> <span class='ocrx_word' id='word_1_736' title='bbox 1300 5476 1403 5530; x_wconf 87' lang='lat' dir='ltr'>crimen</span> <span class='ocrx_word' id='word_1_737' title='bbox 1421 5475 1563 5530; x_wconf 82' lang='lat' dir='ltr'>habentes.</span> <span class='ocrx_word' id='word_1_738' title='bbox 1583 5493 1592 5525; x_wconf 89' lang='lat' dir='ltr'>r</span> <span class='ocrx_word' id='word_1_739' title='bbox 1612 5473 1670 5528; x_wconf 79' lang='lat' dir='ltr'>h&#39;on</span> <span class='ocrx_word' id='word_1_740' title='bbox 1694 5474 1782 5529; x_wconf 87' lang='lat' dir='ltr'>solutu</span> <span class='ocrx_word' id='word_1_741' title='bbox 1799 5472 1857 5542; x_wconf 87' lang='lat' dir='ltr'>epi-</span> 
     </span>
     <span class='ocr_line' id='line_1_114' title="bbox 1070 5567 1857 5641; baseline -0.01 -13"><span class='ocrx_word' id='word_1_742' title='bbox 1070 5572 1158 5641; x_wconf 82' lang='lat' dir='ltr'>scopi,</span> <span class='ocrx_word' id='word_1_743' title='bbox 1173 5571 1218 5625; x_wconf 92' lang='lat' dir='ltr'>scd</span> <span class='ocrx_word' id='word_1_744' title='bbox 1233 5570 1315 5624; x_wconf 83' lang='lat' dir='ltr'>eristi</span> <span class='ocrx_word' id='word_1_745' title='bbox 1329 5579 1393 5623; x_wconf 88' lang='lat' dir='ltr'>ante</span> <span class='ocrx_word' id='word_1_746' title='bbox 1405 5568 1608 5623; x_wconf 82' lang='lat' dir='ltr'>ordinationem</span> <span class='ocrx_word' id='word_1_747' title='bbox 1621 5568 1729 5636; x_wconf 86' lang='lat' dir='ltr'>probati</span> <span class='ocrx_word' id='word_1_748' title='bbox 1745 5567 1857 5621; x_wconf 88' lang='lat' dir='ltr'>debent.</span> 
     </span>
    </p>

    <p class='ocr_par' dir='ltr' id='par_1_39' title="bbox 1109 5659 1854 5731">
     <span class='ocr_line' id='line_1_115' title="bbox 1109 5659 1854 5731; baseline -0.007 -13"><span class='ocrx_word' id='word_1_749' title='bbox 1109 5684 1118 5718; x_wconf 84' lang='lat' dir='ltr'>r</span> <span class='ocrx_word' id='word_1_750' title='bbox 1151 5664 1276 5718; x_wconf 88' lang='lat' dir='ltr'>bluliercs</span> <span class='ocrx_word' id='word_1_751' title='bbox 1308 5659 1605 5731; x_wconf 76' lang='lat' dir='ltr'>similitcrpndicas.»</span> <span class='ocrx_word' id='word_1_752' title='bbox 1636 5660 1771 5714; x_wconf 86' lang='lat' dir='ltr'>Similiter</span> <span class='ocrx_word' id='word_1_753' title='bbox 1796 5674 1854 5724; x_wconf 87' lang='lat' dir='ltr'>eas,</span> 
     </span>
    </p>
   </div>
   <div class='ocr_carea' id='block_1_12' title="bbox 1052 5750 1854 5834">
    <p class='ocr_par' dir='ltr' id='par_1_40' title="bbox 1052 5750 1854 5834">
     <span class='ocr_line' id='line_1_116' title="bbox 1052 5750 1854 5834; baseline -0.014 -19"><span class='ocrx_word' id='word_1_754' title='bbox 1052 5768 1099 5815; x_wconf 86' lang='lat' dir='ltr'>¹ttt</span> <span class='ocrx_word' id='word_1_755' title='bbox 1113 5759 1244 5813; x_wconf 83' lang='lat' dir='ltr'>diaconos</span> <span class='ocrx_word' id='word_1_756' title='bbox 1259 5755 1320 5826; x_wconf 79' lang='lat' dir='ltr'>eligi</span> <span class='ocrx_word' id='word_1_757' title='bbox 1338 5756 1426 5822; x_wconf 78' lang='lat' dir='ltr'>jtrltel.</span> <span class='ocrx_word' id='word_1_758' title='bbox 1452 5755 1530 5811; x_wconf 84' lang='lat' dir='ltr'>Unde</span> <span class='ocrx_word' id='word_1_759' title='bbox 1544 5754 1714 5834; x_wconf 75' lang='lat' dir='ltr'>intelligitur,</span> <span class='ocrx_word' id='word_1_760' title='bbox 1730 5753 1802 5823; x_wconf 87' lang='lat' dir='ltr'>quod</span> <span class='ocrx_word' id='word_1_761' title='bbox 1819 5750 1854 5805; x_wconf 82' lang='lat' dir='ltr'>de</span> 
     </span>
    </p>
   </div>
   <div class='ocr_carea' id='block_1_13' title="bbox 1066 5845 1855 6001">
    <p class='ocr_par' dir='ltr' id='par_1_41' title="bbox 1066 5845 1855 6001">
     <span class='ocr_line' id='line_1_117' title="bbox 1066 5845 1855 5916; baseline -0.003 -11"><span class='ocrx_word' id='word_1_762' title='bbox 1066 5851 1109 5905; x_wconf 82' lang='lat' dir='ltr'>bis</span> <span class='ocrx_word' id='word_1_763' title='bbox 1126 5849 1212 5909; x_wconf 84' lang='lat' dir='ltr'>dicat.</span> <span class='ocrx_word' id='word_1_764' title='bbox 1230 5861 1298 5916; x_wconf 83' lang='lat' dir='ltr'>quas</span> <span class='ocrx_word' id='word_1_765' title='bbox 1312 5846 1402 5903; x_wconf 89' lang='lat' dir='ltr'>adhuc</span> <span class='ocrx_word' id='word_1_766' title='bbox 1419 5847 1500 5904; x_wconf 87' lang='lat' dir='ltr'>bodie</span> <span class='ocrx_word' id='word_1_767' title='bbox 1513 5846 1540 5903; x_wconf 94' lang='lat' dir='ltr'>in</span> <span class='ocrx_word' id='word_1_768' title='bbox 1556 5846 1670 5904; x_wconf 84' lang='lat' dir='ltr'>Oriente</span> <span class='ocrx_word' id='word_1_769' title='bbox 1682 5845 1855 5903; x_wconf 74' lang='lat' dir='ltr'>diaconissas</span> 
     </span>
     <span class='ocr_line' id='line_1_118' title="bbox 1066 5941 1211 6001; baseline -0.014 -4"><span class='ocrx_word' id='word_1_770' title='bbox 1066 5941 1211 6001; x_wconf 76' lang='lat' dir='ltr'>arrecthm.</span> 
     </span>
    </p>
   </div>
   <div class='ocr_carea' id='block_1_14' title="bbox 0 0 2077 6434">
    <p class='ocr_par' dir='ltr' id='par_1_42' title="bbox 0 0 2077 6434">
     <span class='ocr_line' id='line_1_119' title="bbox 0 0 2077 6434; baseline 0 0"><span class='ocrx_word' id='word_1_771' title='bbox 0 0 2077 6434; x_wconf 95' lang='lat' dir='ltr'> </span> 
     </span>
    </p>
   </div>
  </div>
 </body>
</html>
