4109 6434
211 505 267 571 raa
793 510 947 575 nonum
976 506 1258 575 monterianum.
1473 575 1476 581 ,
1677 504 1681 513 ·
1784 506 1840 573 ιιι

209 622 242 674 de
265 620 308 674 hia
336 634 456 690 unquam
472 620 652 690 qualimmque
669 620 752 678 verbo
775 624 816 678 uel
840 634 908 679 nutu
934 638 998 693 pro·
1013 631 1038 692 q
1052 630 1105 689 tar,
1120 632 1193 678 tanta
1209 621 1326 694 talisque
1340 619 1477 693 percitam
1495 630 1522 677 ut
1538 628 1635 677 venter
1664 622 1757 692 potius
1775 620 1859 679 con·¹

210 716 291 776 terre,
315 711 352 765 sit
373 713 532 768 anathema.
559 712 615 768 lloe
642 713 733 783 ltaque
754 714 808 772 line
829 731 883 772 nor
907 725 1000 771 saneta
1050 724 1181 784 queratur
1193 730 1272 784 qnam
1287 715 1414 786 qaudeat.
1427 713 1485 769 Non
1497 715 1613 785 eqeatio
1626 713 1775 785 digerendo
1787 723 1842 770 sto·

209 800 300 856 clama
315 802 452 859 discedat.
1051 807 1165 864 attachus
1179 805 1324 862 medicinis
1336 823 1344 875 ;
1358 815 1452 862 ructus
1464 804 1556 875 potius
1567 805 1694 861 vacuatio
1706 820 1787 877 quam
1801 806 1843 862 ni·

1051 899 1104 953 uria
1123 898 1238 968 repletio
1259 899 1383 955 inducat.
1404 895 1461 954 Nec
1484 897 1586 969 cinguli
1609 896 1785 968 ampliatione
1807 900 1845 956 sit

382 982 388 994 '
475 957 592 1017 CAPUT
613 958 732 1017 mm·
1050 1006 1120 1062 opus
1140 1000 1191 1046 :ut
1202 999 1230 1047 el
1246 992 1285 1048 sic
1300 1005 1406 1048 mensa
1423 989 1472 1046 bei
1487 990 1709 1047 meditationibus
1729 989 1843 1047 minime

244 1071 285 1128 m
299 1073 390 1128 ‘’llll'‘
404 1073 575 1127 dicendorum
589 1074 714 1128 hbllum
732 1072 838 1141 Primoe,
857 1074 963 1141 Telll'oes
1051 1084 1204 1139 retardetur
1219 1099 1269 1153 per
1282 1083 1434 1155 crapulam,
1446 1091 1474 1138 et
1488 1097 1588 1151 corpus
1600 1098 1653 1137 non
1669 1092 1747 1151 cqeat
1759 1083 1843 1140 medi-

491 1142 608 1199 ΜΝ
620 1142 716 1198 ΝΟΜ·
1051 1174 1132 1228 einis.
1145 1173 1187 1229 Sit
1200 1189 1309 1244 semper
1321 1174 1444 1229 ordinata
1460 1181 1487 1229 ct
1498 1175 1649 1243 eourposita
1663 1174 1689 1227 in
1702 1188 1752 1229 suo
1762 1173 1843 1230 modo

242 1259 313 1317 Cum
328 1259 454 1316 laudibus
463 1259 563 1315 Primae
575 1262 633 1315 dies
645 1261 773 1317 salutaris
788 1262 902 1334 incipiat
917 1280 998 1333 :an-
1051 1266 1194 1322 comestio.
1209 1264 1269 1321 lion
1282 1266 1318 1321 sit
1332 1269 1360 1321 in
1377 1265 1513 1322 abutendo
1532 1262 1636 1319 ferculo
1655 1262 1726 1328 talis,
1742 1262 1843 1319 reloci-

210 1352 263 1408 bns
278 1353 403 1418 expietis,
417 1366 502 1407 sacrae
515 1350 605 1407 llissn
619 1353 748 1424 myster-ia
763 1355 798 1409 ob
815 1355 908 1424 sponsi
933 1372 1000 1424 praa-
1053 1364 1096 1410 tas
1115 1355 1245 1422 lancium,
1270 1364 1298 1411 et
1328 1364 1383 1411 tam
1409 1357 1486 1411 veios
1509 1353 1661 1411 masticatio
1682 1353 1748 1420 boli,
1771 1354 1843 1424 qnod

206 1443 338 1508 sentiam,
354 1457 517 1512 sponsarum
529 1444 611 1499 corda
622 1444 773 1510 latibeem,
787 1446 930 1501 citaritatia
945 1449 1001 1502 ine·
1052 1448 1153 1504 merito
1169 1447 1204 1502 de
1218 1447 1339 1519 ingluvie
1350 1448 1439 1518 aliqua
1453 1447 1539 1518 possit
1554 1446 1621 1501 oriri
1636 1444 1763 1516 suspicio.
1781 1443 1840 1500 Non

206 1537 299 1592 briem
313 1536 422 1605 populo,
443 1535 597 1592 devotionis
616 1547 644 1592 et
660 1539 723 1593 ildei
736 1539 836 1593 satient
850 1539 950 1607 pabulo
974 1524 1001 1595 iu
1053 1550 1107 1595 tarn
1124 1540 1151 1594 in
1166 1542 1333 1596 comestione
1347 1540 1437 1600 cibus,
1463 1554 1545 1609 quam
1572 1539 1658 1607 turpis
1682 1536 1778 1592 modus
1800 1550 1843 1591 re·

206 1630 335 1685 convitio
351 1631 477 1687 salutari.
493 1631 535 1685 Sit
554 1631 725 1701 postmodum
749 1633 897 1703 unicnique
924 1650 1000 1688 corn-
1053 1630 1262 1698 prcbendendus
1274 1640 1326 1686 est.
1344 1630 1422 1701 Saepe
1436 1629 1536 1684 etenim
1553 1629 1581 1684 in
1597 1629 1668 1684 labis
1682 1640 1709 1682 et
1726 1626 1843 1699 panibus

208 1722 333 1790 modum,
356 1732 404 1778 sut
430 1724 539 1786 orandi,
557 1735 605 1778 aut
620 1724 724 1794 legendi
747 1740 826 1779 saera
853 1726 1000 1793 volusuina,
1054 1721 1218 1778 hordeaceis
1234 1723 1317 1777 tritavia
1334 1724 1453 1778 auiditas
1465 1720 1567 1792 praitde
1582 1730 1842 1791 peecatumcausat.

206 1814 267 1869 sive
280 1814 360 1869 aliter
376 1817 506 1884 operandi
523 1828 584 1885 qnae
598 1825 694 1870 sarreia
709 1825 783 1870 sunt.
799 1816 901 1872 Deinde
916 1819 1002 1873 doctae
1052 1811 1230 1884 Nequaquam
1246 1815 1319 1869 aridi
1347 1824 1375 1870 et
1398 1813 1551 1883 vagabundi
1576 1811 1647 1867 oculi
1661 1827 1710 1883 per
1724 1810 1845 1866 discum·

207 1904 347 1975 puellulas
361 1904 479 1959 novitias
494 1904 528 1959 de
538 1903 695 1974 euartqelica
709 1906 776 1970 vita,
787 1906 820 1961 de
830 1907 933 1962 sanetis
945 1924 1001 1962 uso·
1054 1906 1151 1960 beares
1169 1907 1221 1960 huc
1234 1905 1353 1977 illucque
1367 1905 1501 1977 vagando,
1519 1906 1589 1960 banc
1605 1902 1648 1958 vel
1667 1903 1741 1957 illam
1756 1901 1844 1975 magis

207 1996 297 2062 ribus,
316 1997 350 2051 de
364 1995 461 2051 obiciis
475 1995 586 2062 domus,
603 1997 638 2051 dc
653 1996 824 2066 regularibus
849 1998 1002 2062 disciplinis
1019 1979 1094 2051 Bvel
1110 1998 1200 2052 arsinus
1211 2000 1340 2052 denotent
1359 1997 1560 2053 coirandomem.
1575 1994 1634 2051 llon
1648 1993 1843 2065 prandentium

207 2099 296 2156 saque
312 2086 347 2141 ad
363 2087 521 2142 relectionis
537 2087 631 2142 horam
648 2085 796 2143 instruant.
809 2088 1000 2158 Praeparentur
1052 2104 1182 2144 rturaierus
1199 2089 1320 2144 animum
1337 2097 1452 2158 oeeupet
1468 2085 1695 2157 uniuscujusque.

206 2186 236 2231 es
248 2177 361 2233 interim
374 2177 438 2244 cibi,
450 2177 550 2249 quibus
561 2193 675 2249 corpora
688 2177 875 2235 refocillentur
890 2182 924 2234 ad
942 2193 999 2250 pre·

206 2268 333 2324 musta
344 2267 452 2340 Iugum·
1324 2245 1441 2303 CAPUT
1454 2244 1577 2300 xxxii

242 2357 326 2415 Nullo
343 2375 462 2432 uuquam
480 2360 561 2417 detur
577 2363 633 2416 otio
646 2361 764 2426 anianus,
785 2364 939 2433 nequando
955 2379 1002 2420 co-
1041 2357 1051 2375 *
1263 2337 1300 2393 θ’
1314 2340 1458 2394 ⁸⁰⁶'3m‘0
1472 2348 1497 2392 ‘¹
1508 2337 1626 2407 jem·

208 2448 357 2519 qltaticnes
370 2460 505 2518 etmotus,
521 2453 658 2510 nietitibus
674 2453 785 2509 titillent
800 2454 894 2509 illicita
910 2457 1001 2526 :quod
1089 2450 1189 2506 l'iumn
1218 2467 1338 2523 qnoque,
1373 2452 1406 2506 in
1427 2466 1482 2521 quo
1515 2459 1558 2506 est
1589 2448 1708 2515 luxuria,
1735 2445 1845 2519 sponsis

208 2542 233 2597 ai
251 2542 411 2614 aliqualiter
426 2545 569 2618 insurgere
583 2545 746 2615 inceperint,
760 2546 851 2602 rtatim
864 2547 1002 2604 elidantur
1052 2540 1155 2598 Christi
1182 2553 1312 2612 tanquam
1336 2555 1471 2596 venenum
1499 2551 1655 2611 suspectum
1684 2539 1731 2594 sit.
1746 2537 1842 2594 Potius

207 2633 240 2688 ie
255 2635 371 2700 semiue,
388 2646 559 2692 rreoreseaut
576 2637 682 2691 aizonis
695 2651 758 2692 cum
772 2636 882 2693 tritico:
900 2647 946 2693 aut
962 2639 1002 2692 la·
1053 2635 1187 2690 stomachi
1204 2635 1332 2705 languor,
1351 2642 1379 2689 et
1398 2633 1503 2689 adirem
1516 2643 1620 2687 nature
1639 2632 1767 2688 debilitas
1777 2645 1845 2687 con·

207 2724 324 2782 boribus
338 2728 523 2799 auloperihus
537 2743 666 2785 manuum
679 2730 811 2799 quidquid
828 2729 899 2785 attale
910 2732 1003 2788 conci·
1055 2728 1137 2792 solat,
1149 2743 1232 2796 quam
1248 2727 1398 2783 delectatio
1420 2736 1469 2783 aut
1492 2727 1637 2799 ingluvies.
1661 2725 1741 2793 Quod
1758 2724 1781 2781 ri
1796 2738 1845 2781 stt·

209 2817 294 2886 pitur,
309 2827 467 2875 evanescat.
484 2821 572 2876 hdcat
585 2831 711 2876 sanctam
729 2836 853 2878 sororem
876 2831 905 2879 ut
926 2825 1003 2880 locu·
1054 2836 1129 2876 mere
1144 2820 1217 2892 eoqit
1231 2835 1300 2889 pene
1315 2821 1374 2890 ipsa
1389 2818 1626 2887 necessitas,tuuc
1640 2828 1691 2875 aut
1702 2819 1743 2875 sic
1757 2814 1846 2874 debile

209 2910 331 2967 tionibus
343 2914 433 2968 sacris
443 2912 602 2982 projiciatur
617 2913 800 2971 immundum.
818 2915 1001 2972 Tutissimum
1053 2914 1159 2979 virtum,
1174 2924 1221 2969 aut
1235 2915 1276 2971 sic
1299 2930 1370 2986 aqua
1388 2915 1549 2986 permistum
1575 2913 1730 2984 prebeatur
1751 2910 1779 2966 in
1798 2923 1847 2978 po-

210 3000 288 3055 valde
305 3009 347 3057 est
361 3001 467 3058 lidelem
490 3015 517 3058 et
539 3003 643 3073 justum
666 3004 767 3058 habere
790 3006 907 3061 amicum
931 3023 940 3063 ε
960 3007 1003 3063 eui
1056 3015 1124 3072 tnui,
1142 3009 1214 3077 quod
1231 3022 1403 3078 nequaquam
1422 3022 1456 3062 ea
1478 3004 1688 3062 iuinositatihas
1708 3002 1845 3073 repletum

208 3090 345 3160 quidquid
360 3106 461 3147 arcano
474 3095 566 3148 cordis
580 3094 640 3149 sinu
657 3095 733 3159 latet,
747 3096 872 3166 protinus
896 3113 1004 3154 resere·
1054 3108 1146 3169 eaput,
1164 3099 1314 3154 ridiculosa
1328 3109 1376 3154 aut
1392 3098 1506 3170 puerilia
1519 3099 1602 3153 verba
1621 3098 1777 3167 depromat.
1796 3091 1846 3150 Sa·

210 3194 270 3235 rur·
286 3179 344 3236 Nou
357 3183 431 3237 euim
446 3182 474 3237 in
495 3184 552 3238 suis
578 3198 649 3255 sape
670 3192 761 3255 potest
784 3185 869 3243 bourn
889 3186 1008 3259 negotiis
1055 3192 1197 3260 crilegium
1216 3202 1357 3264 reputatur
1380 3193 1510 3259 ebrietas,
1524 3193 1550 3247 io
1569 3190 1670 3246 leudos
1691 3187 1841 3260 precipue,

210 3285 316 3333 rectum
331 3277 432 3334 babere
443 3278 588 3350 judicium.
1056 3281 1104 3336 ved
1117 3282 1225 3338 iaibnito
1239 3283 1300 3352 plus
1317 3284 1345 3337 in
1357 3281 1466 3337 bomini
1486 3296 1600 3351 sponsa.
1616 3280 1676 3336 Noe
1698 3276 1846 3334 denudatio

244 3369 492 3426 Advenieuterero
517 3372 677 3430 relectionis
702 3373 780 3440 bora,
807 3388 862 3443 qua
888 3340 1041 3430 redderec
1057 3375 1250 3439 verendorum,
1274 3381 1302 3429 et
1325 3373 1375 3429 bot
1395 3374 1515 3429 incestus
1538 3373 1574 3428 ob
1597 3372 1771 3438 ebrictatem,
1797 3382 1847 3424 rus

210 3462 320 3533 corpori
334 3463 456 3518 debitum
472 3472 570 3519 natura
588 3466 745 3534 eoiripellit:
767 3466 864 3522 diebus
885 3481 1007 3522 eommu·
1057 3473 1153 3522 cautas
1173 3467 1372 3531 herimannos
1398 3481 1506 3537 semper
1534 3465 1629 3521 reddat
1648 3463 1759 3519 timidas
1773 3475 1848 3519 sern-

212 3553 294 3609 nihus
307 3554 402 3610 laudes
415 3553 514 3610 Tertiae
526 3566 553 3610 et
562 3555 650 3612 seara
665 3560 793 3614 horarum
803 3559 877 3628 prius
890 3558 945 3613 beo
959 3558 1007 3614 de·
1059 3573 1161 3628 perque
1174 3569 1329 3628 suspectas.
1345 3556 1415 3614 Vere
1427 3559 1548 3615 credistis
1564 3558 1636 3629 quod
1652 3557 1742 3629 iguem
1755 3561 1848 3626 perlat

212 3648 776 3706 virtevolvantur.l’ostnrodumcumomni
801 3656 943 3720 arrodestia,
963 3654 1005 3709 he·
1058 3650 1085 3704 iu
1102 3649 1217 3719 grenario,
1237 3650 1283 3720 qui
1301 3651 1412 3706 assiduo
1429 3652 1514 3705 utitrrr
1531 3651 1605 3705 sirio.

212 3740 368 3797 nedictione
386 3742 422 3811 ab
438 3742 576 3799 abbatissa
598 3745 751 3814 premissa,
767 3748 859 3801 cibum
883 3757 1005 3810 suaserit,
1092 3739 1280 3810 Nequaquam.
1294 3758 1398 3813 qbaew.
1417 3742 1630 3797 intermortuae
1650 3724 1847 3812 corporique

212 3845 332 3901 raraque
346 3831 492 3888 ministret.
513 3832 659 3902 Postquam
673 3850 738 3891 vero
752 3843 857 3890 catera
881 3835 1007 3891 corttede·
1057 3832 1185 3886 ominbus
1202 3831 1386 3901 uolrrptatibus
1399 3850 1428 3887 se
1443 3833 1603 3888 abdicarunt
1618 3846 1668 3901 pro
1680 3831 1846 3898 cha-ismae

213 3924 279 3987 riui,
296 3931 324 3977 et
337 3921 402 3990 ipsae
416 3936 477 3993 que
494 3916 729 3988 utiaiistrutcrant,
746 3927 902 3992 comedant,
916 3936 943 3981 ct
954 3926 1006 3982 sihi
1057 3924 1128 3995 qulae
1153 3924 1291 3980 {torrendo
1311 3923 1442 3985 iocinore,
1457 3933 1483 3977 ct
1504 3923 1646 3979 ebrietatis
1671 3920 1848 3978 immunditia

214 4012 389 4069 ministretur
400 4013 434 4068 ab
448 4013 520 4069 aliis.
535 4015 603 4070 Cum
614 4031 682 4071 vero
694 4016 790 4087 jejrrnii
803 4030 911 4088 tetiipns
930 4018 1005 4074 relc·
1057 4022 1149 4074 serdio
1173 4017 1256 4072 etiam
1280 4016 1408 4073 miuimus
1423 4016 1566 4070 trahentur.
1581 4013 1691 4070 tenuris
1713 4012 1848 4084 ingluvies

214 4107 333 4162 etioaem
348 4107 494 4164 tardiorem
510 4106 644 4173 effecerit,
659 4124 736 4164 saera
754 4111 882 4182 tripateria
906 4111 1006 4178 llissae,
1057 4120 1085 4166 et
1096 4109 1228 4173 ebrietas,
1242 4116 1297 4163 mut
1312 4108 1410 4164 animae
1426 4108 1695 4174 inhrrniralis,quam
1712 4103 1846 4175 corporis,

215 4197 307 4255 Tertia
321 4207 350 4254 et
363 4196 447 4255 Serta
461 4210 489 4256 ct
502 4199 578 4256 Nuria
591 4203 792 4272 preveniamur
807 4219 814 4256 ε
831 4207 940 4260 caeteris
950 4206 1007 4261 die-
1058 4215 1170 4259 causam
1183 4211 1212 4257 ct
1229 4200 1372 4256 materiam
1394 4199 1529 4255 tribuunt.
1548 4199 1666 4269 ideoque
1683 4195 1848 4253 medicinale

216 4289 266 4344 bus
286 4299 350 4360 post
376 4290 551 4345 relectionem
578 4289 656 4346 Nuria
676 4291 783 4362 dicatur
805 4293 872 4348 hora
893 4303 1006 4359 statuta,
1056 4293 1306 4364 jejrrniumomnem
1320 4293 1426 4347 aulerat
1442 4290 1730 4362 languoremmmoem
1743 4288 1848 4345 tribuat

217 4396 277 4436 eum
303 4380 361 4452 jam
389 4382 431 4438 sol
460 4382 488 4437 iu
513 4382 602 4437 medio
631 4398 697 4453 pyro
721 4383 793 4439 diem
813 4385 924 4440 exhibet
950 4400 1008 4440 mc·
1059 4387 1189 4441 virtutem
1211 4396 1239 4440 ct
1263 4386 1391 4456 qratiam.
1413 4383 1469 4438 lluc
1486 4399 1534 4439 ros
1552 4383 1691 4452 legislator
1706 4383 1848 4439 edoceat:

219 4474 301 4531 diam.
1059 4476 1103 4532 cui
1117 4476 1160 4533 ier
1175 4491 1228 4532 nou
1244 4476 1326 4531 datur
1345 4477 1503 4544 priusquam
1516 4473 1652 4544 jejunium
1670 4472 1849 4545 quadragesi-

461 4541 614 4647 ‘'CAPUT·
637 4540 746 4599 xxxv·
812 4636 819 4648 ,
1059 4570 1132 4624 male
1156 4568 1311 4640 perlicitur.
1330 4565 1404 4622 Elias
1433 4568 1459 4621 in
1488 4565 1649 4622 lortitndine
1673 4565 1848 4622 subcinericii

393 4631 432 4688 θ’
444 4632 646 4689 ‘'⁶⁸⁸²‘m'm
666 4635 830 4692 ⁶⁰⁰⁸04‘ll‘5'·
1022 4688 1046 4746 υ
1064 4659 1152 4729 panis,
1171 4659 1281 4729 jejunus
1313 4673 1361 4728 per
1379 4658 1562 4728 quandraginta
1585 4656 1646 4713 dies
1669 4657 1791 4726 perrexit
1815 4658 1849 4711 ad

251 4741 368 4810 Quando
380 4747 452 4801 cuim
467 4760 516 4802 ros
529 4749 564 4803 ad
582 4749 761 4805 relectionem
772 4751 841 4807 hora
857 4751 947 4808 debita
960 4751 1008 4807 ad·
1060 4765 1181 4808 montem
1208 4752 1256 4808 [lei
1285 4752 1366 4805 breti.
1384 4749 1454 4817 Quid
1489 4765 1556 4805 vero
1572 4750 1683 4805 virtutis
1711 4750 1850 4804 contiueat

217 4837 354 4900 udaverit,
370 4837 396 4891 in
408 4837 478 4894 cibis
492 4840 591 4896 vestris
605 4841 720 4897 rtiinime
732 4842 1006 4914 reiulqeatcocorum
1059 4859 1168 4900 eaerum
1190 4843 1365 4913 jejunium,a
1391 4850 1484 4898 vestro
1501 4840 1703 4915 irtvestigemioi
1724 4855 1827 4913 sponso
1840 4859 1848 4896 a

217 4927 364 4984 industria.
378 4927 437 4984 Non
453 4931 575 4986 ciborum
588 4932 715 4988 nobilitas
730 4934 1007 5003 appetitummoveat,
1059 4935 1107 5005 qui
1133 4935 1353 5005 quadragenario
1381 4945 1492 5004 peracto
1519 4934 1645 5006 jejunio,
1670 4934 1849 4991 tentationem

214 5023 265 5075 sed
278 5020 385 5090 lames3
407 5037 461 5078 non
484 5030 656 5094 apponantur
678 5025 821 5082 incitativa
850 5026 1007 5096 libidinum,
1060 5025 1164 5082 diaboli
1183 5027 1257 5082 vicit.
1275 5023 1332 5082 Vtri
1351 5024 1480 5083 Niriivitae
1503 5043 1557 5082 non
1581 5027 1692 5095 sileam,
1712 5026 1759 5097 qui
1776 5025 1850 5096 jeju·

216 5113 267 5167 sed
282 5128 343 5180 qim
358 5115 463 5184 possint
479 5114 580 5170 iamem
592 5118 789 5187 exstinquere3
806 5119 1007 5188 autiequmiua,
1061 5117 1116 5172 niis
1127 5133 1275 5173 cortrnmne
1288 5129 1435 5172 evaseruut
1452 5117 1581 5183 exitium,
1599 5125 1627 5173 et
1640 5116 1849 5173 irrevocabilem

214 5216 264 5258 aut
276 5204 350 5259 olera
361 5208 526 5262 cotidiautur
537 5208 643 5264 inoleo.
658 5209 762 5265 Carnes
775 5225 840 5266 vero
853 5213 942 5267 solum
953 5215 1009 5270 sint
1061 5208 1108 5263 Dei
1124 5218 1299 5264 irtirtaverunt
1313 5210 1490 5265 sententiam.
1506 5208 1571 5264 ilac
1587 5223 1647 5273 vos,
1663 5205 1848 5272 charissime,

215 5311 250 5350 er
269 5296 378 5350 lieentia
395 5297 541 5355 abbatissae
556 5299 667 5356 indultae
681 5301 817 5358 debilibus
832 5302 1006 5371 ctiddrmis;
1064 5301 1209 5356 imitamini
1228 5318 1234 5354 ι
1249 5303 1296 5356 scd
1318 5301 1506 5372 assequamini
1526 5301 1676 5371 sapienter,
1691 5314 1727 5356 ne
1742 5299 1849 5356 dicatur

215 5388 339 5457 alioquin
353 5387 431 5457 cujus
446 5391 501 5446 sint
515 5392 631 5462 saporis,
648 5394 755 5463 ignoret
768 5395 934 5451 coenobium.
952 5397 1008 5453 Ora
1061 5409 1076 5447 a
1094 5393 1208 5448 bitiiiiuo
1223 5411 1230 5448 a
1247 5392 1309 5448 Non
1329 5405 1366 5449 ert
1381 5395 1430 5449 lter
1449 5393 1584 5465 jejuniam
1604 5393 1675 5464 qaod
1699 5392 1765 5462 elepi
1781 5391 1848 5466 (lm.

220 5490 247 5530 et
260 5477 385 5534 lactoratia
402 5492 462 5548 post
473 5481 575 5553 jejunia
588 5482 738 5539 debilitatis
751 5485 891 5542 sororibus
904 5494 931 5541 et
941 5502 1010 5557 prae·
1062 5500 1138 5545 uruit.
1158 5485 1195 5557 5)-
1814 5491 1819 5498 ’

221 5569 308 5635 dranis
322 5569 515 5628 festivitatibus
530 5574 727 5642 perradnantur
740 5591 773 5630 ex
788 5577 888 5645 qratia.
1098 5581 1237 5650 castigate
1251 5582 1372 5636 membra
1388 5589 1490 5648 vestra,
1504 5581 1552 5635 scd
1576 5579 1660 5636 nolite
1680 5578 1854 5636 interlicere·

258 5660 331 5713 llam
341 5662 463 5717 sciantur
472 5678 532 5734 quse
546 5664 572 5720 iu
581 5665 659 5734 aquis
670 5674 795 5722 ertantur
806 5676 834 5724 et
847 5672 949 5736 vivant,
958 5671 1008 5726 nisi
1062 5670 1120 5727 liora
1137 5682 1234 5727 causet
1252 5672 1386 5742 ieiunium
1405 5673 1611 5739 verecundiam,
1630 5680 1660 5728 ut
1685 5673 1848 5730 scandalum

224 5753 298 5819 parsi
319 5753 454 5822 pisciculi.
470 5756 547 5811 Gulae
560 5757 700 5812 horridum
712 5759 814 5820 scelus.
826 5761 943 5831 genitrix
968 5763 1010 5816 lu·
1063 5764 1097 5819 sit
1111 5766 1216 5820 caeteris
1230 5784 1237 5820 :
1253 5782 1304 5820 uon
1321 5766 1414 5821 dolore
1425 5766 1710 5837 capitisetdebilitate
1722 5766 1849 5838 corporis

226 5845 317 5911 anain,
333 5855 361 5901 et
371 5846 506 5904 eastitatis
519 5848 654 5916 carnifex,
666 5865 727 5908 cum
737 5853 784 5908 bei
793 5854 898 5909 ancillis
908 5854 1009 5909 nullam
1063 5874 1148 5911 sacra·
1160 5859 1323 5912 narritrumnr
1338 5859 1483 5925 lectiones,
1494 5875 1546 5916 nee
1555 5859 1703 5915 orationes
1713 5859 1868 5914 lebetam,

227 5934 322 5991 habeat
336 5946 448 5995 sortem.
464 5937 712 6011 ldenquetantasit
722 5944 749 6001 iu
762 5946 895 6004 sumenda
906 5947 1010 6006 sobrie·
1063 5958 1099 6009 uc
1115 5966 1232 6011 neccsse
1247 5950 1285 6010 sit
1298 5953 1558 6027 contemplationes
1575 5947 1892 6010 desereremmm*
