4109 6434
263 405 317 466 nto

721 412 751 474 s.
773 411 999 476 urrunnun
1022 418 1181 482 utnnen
1203 402 1409 487 narrasse}

1846 418 1900 483 tte

261 524 479 581 Occidentaiittm
509 532 664 595 autumant,
683 540 713 585 ot
730 533 867 602 quomodo
891 548 990 603 eorpus
1019 552 1051 591 cx
1068 547 1088 601 Α
1105 542 1209 593 inrorat
1225 542 1252 594 in
1281 557 1340 595 rore
1355 551 1555 597 cataractarum
1571 557 1682 597 strarrun
1693 540 1777 610 (Ptol.
1792 544 1900 602 xtt.8l.

261 629 386 686 corpore,
416 617 456 671 sie
471 617 560 672 aalma
587 629 717 674 nascatur
732 636 764 676 ert
792 623 883 678 anima
903 632 955 680 :et
970 626 1052 681 sitnili

262 722 323 759 cum
337 708 425 762 lrrtttis
436 707 621 765 animantibus
633 713 791 769 conditione
803 715 945 773 subsistat.

298 799 473 867 depastione.
494 799 551 854 lloe
565 815 639 858 curte
652 807 747 872 sentis,
767 807 839 876 quoti
858 809 979 878 singulas
992 811 1054 864 atri·

262 906 321 944 ntus
335 892 449 958 siugulis
472 897 647 949 traseetrtibtrs
670 897 752 950 etiarn
777 900 857 952 modo
872 898 942 954 neus
958 900 1052 956 iaciat.

262 983 311 1036 Cui
327 988 469 1040 sententiat
491 1002 526 1040 ne
540 988 693 1055 oltpctattn,
712 992 783 1059 qtrorl
799 1006 893 1047 onmes
913 1002 1054 1048 creaturas

264 1089 340 1129 sexto
364 1079 405 1131 die
420 1081 651 1134 consummaverit
673 1080 755 1144 [icus.
769 1095 795 1138 et
815 1087 930 1154 septinro
945 1087 1053 1155 requie·

263 1170 341 1232 verit,
371 1170 486 1225 atlltilnrs
514 1175 698 1227 testittruttium
719 1190 751 1229 ca
777 1175 924 1248 Evangelio
942 1178 1054 1247 :,Peter

263 1279 336 1317 strena
352 1279 434 1332 nsque
446 1281 515 1317 rttrrtc
532 1276 668 1323 ooeralttr.

299 1351 488 1424 Hieronymus.
503 1359 570 1422 putu
583 1359 654 1412 ettitu
667 1357 851 1430 ambiguitatis
863 1361 890 1414 iu
906 1362 1029 1418 dietoest
1044 1382 1051 1418 :

262 1453 291 1498 ut
308 1446 421 1503 diversas
431 1429 624 1518 ‘intelligentta
636 1452 772 1507 tribuatur
784 1458 894 1509 occasio
906 1456 917 1509 i
927 1456 1052 1524 Constat,

262 1545 289 1591 vt
303 1554 386 1608 super
405 1542 457 1595 ltoc
473 1543 547 1597 nulla
561 1545 757 1601 contentioesl.

297 1630 473 1700 dupttatinns.
489 1633 560 1688 lloce
573 1652 648 1705 crgo,
657 1653 760 1708 tpuarso,
770 1656 830 1710 que
841 1640 955 1696 doceam
966 1662 974 1699 r
985 1643 1054 1699 doce

264 1726 335 1789 paud
356 1735 471 1781 teneam.
488 1726 522 1781 Et
541 1728 584 1783 die
599 1730 674 1796 tttibi,
693 1732 714 1785 si
731 1734 828 1788 animas
854 1735 1011 1805 singillatim
1026 1736 1052 1790 itt

263 1816 379 1885 singulis
394 1818 531 1888 ltudiequc
546 1824 723 1878 trasecutibtts
739 1825 817 1890 dunt,
830 1826 875 1881 ulti
890 1829 916 1881 itt
935 1829 1054 1898 parvulis

1108 631 1270 702 Gcrnoquo
1297 644 1341 687 tua
1378 634 1464 689 tendit
1484 633 1602 689 assertio
1634 651 1641 687 :
1672 632 1719 688 sed
1738 633 1843 688 deltoe
1872 634 1899 687 iu

1108 725 1306 794 posterioribus
1317 726 1504 782 disserendum
1519 735 1574 789 εει,
1598 740 1632 779 ne
1656 727 1718 779 dom
1747 725 1899 780 miscemus

1107 819 1309 886 qttaestioniltus
1338 821 1515 888 qttarstiones,
1545 821 1688 874 ubsettranr
1720 818 1899 873 audientibus

1107 908 1315 980 intelligentiam
1327 910 1522 980 relinquamus.

1144 1001 1320 1071 Augustinus.
1353 1000 1464 1066 lerum,
1496 1002 1567 1071 quod
1594 1016 1608 1053 a
1640 999 1723 1055 celtus
1753 1016 1814 1067 outo
1844 1015 1898 1054 oott

1107 1103 1186 1149 eraut
1206 1094 1379 1148 instituendis
1402 1095 1535 1162 reqttierit
1561 1112 1568 1148 :
1593 1102 1621 1148 et
1645 1094 1697 1147 ltoe
1725 1108 1820 1146 terum
1843 1102 1899 1157 est,

1107 1189 1178 1256 quod
1196 1202 1248 1240 nort
1266 1187 1352 1240 solunt
1365 1187 1543 1254 gubernando
1553 1186 1695 1255 paralion,
1705 1202 1798 1240 retunt
1811 1187 1896 1240 etiam

1107 1278 1209 1348 :aliquid
1237 1294 1291 1332 nort
1309 1278 1380 1347 tptotl
1402 1279 1520 1332 nondum
1541 1287 1594 1341 εει,
1614 1279 1662 1333 sed
1685 1287 1738 1344 est,
1758 1277 1806 1333 sed
1826 1278 1897 1344 uuod

1103 1374 1159 1445 jant
1185 1381 1326 1426 creaverat
1352 1371 1525 1424 nurttcrositrs
1555 1373 1685 1434 creando,
1710 1385 1795 1435 ttsuue
1825 1383 1898 1424 uuae

1107 1475 1246 1533 atteratur.
1276 1462 1323 1516 Vel
1345 1463 1386 1516 sie
1412 1476 1489 1530 ergo,
1519 1461 1561 1513 scl
1581 1462 1632 1514 alio
1665 1460 1787 1527 uuoltbct
1813 1459 1896 1512 morlo

1107 1556 1213 1611 eaintus
1231 1554 1265 1608 ab
1291 1568 1335 1617 co,
1351 1552 1424 1620 utrod
1451 1551 1529 1606 uoltis
1541 1551 1670 1618 objicitur
1686 1550 1719 1604 de
1735 1551 1830 1615 repatie
1848 1548 1897 1603 Dei

1105 1649 1140 1701 ab
1165 1646 1294 1717 operibus
1321 1659 1383 1702 :Jne
1408 1657 1549 1713 propterca
1576 1658 1628 1696 oon
1660 1642 1805 1697 eredatous
1823 1654 1896 1693 nunc

1107 1754 1193 1810 usque
1206 1741 1264 1794 lieri
1278 1739 1382 1792 animas
1394 1750 1488 1800 uocas,
1505 1749 1559 1788 oon
1573 1749 1606 1787 er
1626 1733 1671 1786 illa
1687 1749 1751 1795 uua,
1764 1733 1812 1785 sed
1826 1733 1897 1786 sicut

1107 1832 1179 1886 illam
1201 1845 1292 1884 unattt.
1309 1828 1374 1883 itan
1390 1831 1463 1899 quod
1474 1828 1585 1892 dicitur,
1609 1826 1699 1891 Quare
1712 1825 1776 1878 iacit
1790 1824 1897 1877 auirttas

264 1919 387 1974 peccent,
405 1919 434 1963 ut
454 1911 592 1980 indigeant
610 1927 787 1970 sacramento
815 1915 929 1982 Cltristi,
957 1921 1055 1974 centis·
1068 1910 1093 1970 B
1106 1924 1146 1978 cis
1159 1921 1311 1992 uttosuovit
1323 1921 1376 1976 cito
1393 1917 1559 1973 ntoriturosi
1573 1931 1718 1986 possuntns
1730 1912 1897 1983 respondere

264 2001 341 2055 sione
355 2003 469 2071 prcetti,
494 2014 639 2071 peccantes
661 2006 686 2060 in
703 2008 844 2071 adornet
858 2026 992 2080 ottocaro
1011 2025 1053 2071 est

263 2101 411 2161 propagata
428 2097 531 2162 pcccati
549 2113 556 2151 :
575 2108 621 2150 aut
639 2098 660 2150 si
676 2116 730 2154 nott
742 2111 865 2169 peccaut,
882 2119 935 2174 qna
948 2104 1053 2174 jttstitia

263 2184 403 2242 Ctetttttris
418 2190 452 2242 ira
463 2202 574 2257 peceato
584 2192 740 2262 obligentur
753 2196 939 2253 alieuoicttut
955 2201 1055 2256 exinde

263 2282 420 2346 propagatis
431 2282 562 2338 nreurbris
574 2285 738 2341 mortalibus
756 2288 915 2344 inseruntur
932 2309 938 2346 :
958 2299 1055 2360 uteas,

263 2368 314 2422 nisi
326 2385 372 2437 per
385 2369 533 2427 Ecclesiam
548 2376 712 2433 subventum
727 2377 821 2445 luerit,
837 2381 978 2437 danmatio
992 2398 1057 2438 coo·

264 2474 394 2530 seqtrarur
413 2478 498 2518 :curu
520 2467 545 2518 iu
563 2483 656 2520 earttm
681 2481 817 2537 potestate
833 2487 886 2526 non
903 2474 948 2538 sit,
968 2483 996 2529 ut
1015 2476 1056 2530 eis

265 2551 351 2618 possit
372 2554 457 2619 gratia
474 2552 646 2621 baptismatis
661 2559 816 2613 subvertite.

301 2641 491 2712 Hieronymus.
519 2647 636 2700 Alienati
657 2660 717 2701 sunt
745 2662 896 2716 peccatores
913 2671 928 2707 a
948 2656 1024 2709 euleu
1046 2671 1056 2709 .·

266 2747 419 2788 serraverunt
433 2736 465 2789 eir
482 2749 582 2791 rttcro:
609 2739 690 2792 locuti
708 2752 768 2793 sartrt
786 2742 857 2810 [uisa
882 2743 966 2813 (Ptol.
984 2759 1053 2811 tvtr,

265 2827 318 2899 l):
344 2826 435 2881 statim
462 2836 491 2881 ut
512 2830 566 2883 uati
595 2843 667 2892 suut.
692 2833 854 2902 subjacuere
881 2848 1004 2902 peccato,
1030 2839 1056 2892 iu

265 2922 465 2975 similitudinem
483 2926 712 2992 pretereuntis
736 2928 813 2993 adn,
838 2931 883 3000 qui
906 2941 944 2984 est
970 2933 1057 3001 [erute

266 3014 447 3084 {etutitllouu
460 3032 486 3081 v,
504 3017 559 3086 ii).
577 3016 643 3072 lllttd
657 3037 765 3088 tpttttuue
788 3027 860 3090 quod
875 3025 900 3074 itt
922 3024 1058 3078 trtiutuitte

264 3104 317 3160 tob
348 3110 477 3176 scripturn
506 3118 545 3162 εει
574 3124 583 3162 .·
611 3109 748 3174 ll'tttttrnid
772 3113 884 3164 rotualdus
904 3114 953 3166 erit
980 3115 1057 3168 ltetne

265 3212 354 3251 retunt
366 3197 430 3261 Deo,
447 3208 493 3252 out
508 3201 534 3253 itt
545 3201 664 3268 operibns
676 3204 731 3255 suis
745 3204 981 3273 itt-rprettcnst'lt'tt‘r
994 3205 1059 3258 uir?

1107 2025 1251 2086 parentum
1268 2015 1331 2068 ltine
1347 2020 1468 2083 peccata,
1485 2009 1527 2063 vel
1538 2008 1675 2071 cottrittci,
1692 2007 1734 2061 vel
1750 2006 1895 2075 llagellari.

1143 2104 1331 2173 Hieronymus.
1352 2092 1438 2169 Stupet
1452 2115 1507 2170 rpru
1532 2101 1596 2169 quid
1615 2099 1679 2152 milti
1698 2098 1849 2158 videretur,
1869 2097 1897 2150 itt

1107 2196 1247 2267 opusculis
1261 2201 1355 2250 contra
1376 2192 1503 2248 llutinnm
1523 2191 1586 2244 olim
1598 2189 1742 2259 scripsisse
1759 2203 1802 2241 ute
1820 2188 1896 2250 nuri,

1107 2290 1251 2344 adversum
1277 2302 1339 2343 eunt
1365 2285 1485 2340 libellum
1516 2299 1596 2354 tpteut
1624 2293 1724 2336 satta-lae
1755 2282 1896 2334 ntetrtoriae

1106 2381 1250 2436 Anastasio
1263 2382 1390 2448 episcopo
1408 2378 1537 2432 llotumtae
1551 2373 1680 2430 Ecclesiae
1695 2374 1779 2426 tletlit.
1797 2372 1825 2426 lu
1843 2387 1897 2441 que

1107 2474 1213 2529 lttbriea
1230 2482 1257 2527 et
1275 2473 1356 2527 stulta
1371 2486 1403 2525 ae
1414 2470 1528 2525 subdola
1548 2467 1732 2528 consessione,
1745 2467 1807 2518 dum
1820 2464 1899 2518 audi·

1108 2578 1196 2623 toruur
1223 2564 1393 2635 simplicitati
1419 2564 1532 2618 illudere
1549 2563 1655 2625 nitittrr‚
1678 2572 1734 2613 sttae
1748 2556 1822 2622 edet,
1841 2557 1897 2611 iuro

1108 2659 1231 2732 peritdiae
1246 2658 1342 2712 illusit.

1144 2752 1320 2821 depretiatus.
1338 2747 1415 2814 Quod
1431 2746 1457 2801 itt
1471 2745 1541 2799 libre
1556 2744 1686 2798 adversus
1704 2742 1830 2796 litrdnum
1849 2753 1898 2806 po·

1108 2842 1188 2898 suisti
1211 2845 1342 2911 quosdam
1368 2838 1430 2893 ltuie
1455 2838 1597 2892 sententie
1624 2834 1798 2896 caltnnniari,
1826 2829 1899 2901 quod

1110 2933 1193 2988 licum
1213 2933 1278 2985 dare
1296 2929 1571 2985 onituasadulterinis
1581 2927 1757 2993 conceptibus
1773 2927 1900 2977 ritteatur

1110 3027 1251 3095 indignum
1268 3039 1277 3081 ι
1292 3022 1364 3077 nude
1386 3033 1522 3076 conantur
1537 3028 1659 3072 astruere
1685 3015 1790 3070 meritis
1814 3023 1899 3082 gasts».

1110 3127 1172 3171 ante
1186 3130 1297 3168 carttetn
1313 3115 1387 3179 vitat,
1400 3113 1506 3165 attirttas
1523 3110 1599 3178 quasi
1620 3109 1653 3161 ad
1668 3107 1803 3176 ergastula
1817 3103 1899 3172 lrttjus

1111 3208 1203 3261 tuurttli
1218 3205 1291 3275 juste
1308 3220 1387 3274 posse
1413 3202 1547 3272 perduci:
1565 3217 1618 3255 uon
1635 3214 1678 3253 nte
1694 3208 1783 3252 ntovet
1811 3197 1899 3249 urulta

265 3289 295 3345 Si
312 3292 436 3344 adsersus
448 3291 691 3357 snrnalossnoruutt
706 3295 787 3346 credit
799 3304 841 3349 :et
854 3295 1058 3365 cutttruotrprloa
1111 3296 1288 3364 cogitantem,
1307 3294 1406 3362 quibus
1426 3294 1482 3346 lnce
1498 3300 1589 3360 potest
1612 3288 1746 3343 calumnia
1772 3285 1896 3342 refutari.

265 3397 327 3437 tuos
341 3368 451 3449 trecium
467 3384 530 3450 qnid
554 3385 647 3449 repent
665 3400 675 3438 .·
693 3398 792 3454 quanto
811 3387 895 3454 trrttpit
912 3387 937 3438 in
952 3387 992 3439 itit
1013 3388 1059 3456 qni
1110 3387 1144 3441 Et
1157 3387 1229 3456 quod
1247 3387 1304 3454 ipse
1320 3385 1496 3452 respondisti,
1515 3399 1567 3436 nort
1586 3381 1750 3435 essevitiuttr
1765 3378 1899 3431 sententis

267 3477 387 3529 lutbituttt
405 3476 495 3529 dottros
509 3475 593 3530 latrent
609 3476 669 3546 (iob
686 3493 725 3542 tv,
742 3478 836 3545 ttltl,
856 3495 863 3531 :
888 3492 902 3532 ε
919 3480 1018 3547 qrtiltus
1033 3490 1059 3534 et
1110 3480 1138 3532 itt
1154 3481 1257 3543 tritico,
1273 3482 1344 3547 uttod
1356 3477 1429 3531 lutto
1442 3478 1542 3530 dicitur
1557 3489 1618 3528 esse
1634 3473 1769 3527 sulrlattrttt
1784 3485 1792 3526 ι
1808 3469 1897 3524 sedin

268 3584 317 3621 taos
331 3567 364 3621 de
375 3569 468 3621 eodem
482 3567 539 3621 luto
550 3568 663 3623 sttruos?
684 3568 781 3624 tlttttn
805 3571 873 3622 enirn
891 3570 987 3638 altrpne
1000 3587 1055 3640 pec·
1110 3587 1143 3627 eo
1154 3573 1200 3639 tpti
1224 3571 1361 3624 lrutuettta
1386 3569 1563 3632 iuratuses13
1591 3581 1641 3621 uec
1666 3566 1769 3619 ideirco
1784 3573 1897 3624 terrant,

268 3670 337 3725 tuto,
354 3677 384 3714 rte
404 3662 427 3713 ti
443 3661 519 3714 utrius
540 3661 642 3731 quidem
662 3660 716 3713 diei
736 3661 816 3730 {uerit
836 3663 888 3714 trita
916 3663 973 3730 ejus
987 3661 1057 3733 (leb.
1111 3679 1164 3716 neu
1181 3661 1309 3717 debuisse
1335 3661 1439 3730 grentio
1456 3674 1506 3712 suo
1531 3657 1634 3710 scmitta
1654 3654 1814 3715 cutriovete,
1832 3652 1898 3720 quta

269 3753 382 3821 stul).
401 3749 431 3804 δι’
463 3752 533 3802 litim
560 3749 644 3803 litii&
668 3766 720 3803 ltili
746 3759 807 3804 timi
832 3754 1059 3806 llllndoet'ttcott·
1111 3753 1386 3810 satorirrtrtttrrtda·ea
1412 3751 1557 3821 projecerit
1583 3765 1674 3808 rnatu,
1695 3745 1896 3813 elegantissima

269 3841 553 3914 interredentibus
583 3843 666 3913 strepis
688 3845 782 3897 ecrtnis
803 3854 827 3897 et
859 3846 969 3912 putredo
986 3843 1057 3915 (tol.
1111 3847 1260 3901 similitudo
1278 3854 1330 3908 est,
1351 3861 1430 3914 aptatu
1448 3851 1633 3910 etatrtctptatu
1659 3840 1787 3910 lugerem,
1807 3840 1900 3890 nullas

270 3952 333 3999 xtv,
344 3936 391 4004 ὅ),
411 3947 437 3991 ει
458 3935 483 3989 lti
502 3937 548 4003 uui
567 3937 847 4001 percatoolletnlentis
858 3935 945 3989 ridant
962 3948 1058 3989 tcneu·
1112 3939 1178 3992 tttilti
1189 3937 1305 4005 objectio
1321 3938 1370 3990 ista
1385 3937 1417 3990 de
1429 3935 1589 3988 adulterinis
1610 3934 1708 3987 ictilnts
1725 3932 1751 3982 itt
1766 3931 1900 3993 bacquae·

271 4036 315 4084 tur
328 4029 437 4084 θὶιιιιιῐὶἰ
454 4028 460 4080 !
1117 4030 1205 4084 stione
1221 4029 1497 4097 t‘ac'nbatangustias,
1509 4025 1671 4095 generaliter
1686 4020 1799 4076 intuenti
1815 4019 1900 4073 ntulta

308 4123 484 4193 drrgtrrtinrrt.
504 4121 623 4177 Obsecro
638 4131 675 4187 te,
685 4121 820 4192 uttotrtotlo
837 4122 892 4175 lrare
908 4121 999 4191 opinio
1011 4120 1059 4173 tle·
1112 4118 1181 4171 bona
1194 4119 1278 4171 licum
1294 4117 1395 4181 lacere,
1410 4119 1492 4170 ctiam
1505 4118 1538 4168 de
1554 4116 1653 4168 nostris
1667 4113 1745 4166 ntalis
1755 4110 1900 4179 pratisque

272 4216 402 4284 tenditur,
417 4232 469 4286 qna
484 4217 631 4271 ttedtntnn
648 4218 745 4269 atrituae
757 4230 808 4269 uon
820 4229 850 4268 ert
868 4214 912 4268 illa
929 4229 982 4268 una
1004 4214 1060 4281 pri·
1112 4211 1251 4281 peccatis:
1275 4209 1497 4262 auitttalisautcttt
1508 4204 1785 4274 ctrjusquecreat'tosi
1799 4201 1900 4254 lrabeat

272 4311 310 4366 ttri
329 4308 516 4363 ltomittislteri
532 4308 798 4364 ottrttes2sedsicut
818 4306 863 4360 illa
879 4322 929 4360 uua
949 4306 1005 4373 troi,
1022 4310 1059 4360 ita
1113 4301 1271 4369 prudentem
1299 4300 1429 4368 piumque
1458 4298 1703 4375 consideratorem,
1734 4291 1899 4346 laudabilem

272 4401 522 4472 singulissitrgula.
535 4400 571 4454 Ea
596 4414 661 4452 vero
675 4414 735 4467 quae
752 4398 881 4452 dicuntur
896 4397 947 4451 alia
964 4407 1059 4451 contra
1112 4393 1236 4448 Creatori
1252 4391 1359 4445 laudent
1373 4392 1491 4456 excitat;
1506 4401 1610 4458 quanto
1629 4390 1713 4455 stragis
1728 4386 1830 4439 creatio
1846 4399 1900 4438 uon

272 4495 344 4550 batte
373 4493 538 4560 opinionem,
571 4492 649 4546 facile
670 4505 712 4546 ute
733 4498 891 4559 potoposse
913 4490 1059 4544 reledern:
1113 4484 1413 4555 cojttslrbetauitnalis,
1439 4484 1486 4537 sed
1507 4483 1641 4536 ltoutiuisl
1666 4479 1693 4532 Si
1711 4490 1800 4532 autent
1816 4490 1900 4530 causa

273 4587 343 4642 sicut
360 4598 403 4640 est
414 4586 490 4650 illud,
504 4584 573 4654 qnod
590 4585 699 4654 quidam
726 4583 777 4638 sibi
794 4599 854 4638 cato
870 4583 997 4637 ridentur
1012 4599 1060 4637 ur·
1077 4604 1099 4659 ο
1114 4579 1224 4633 creandi
1241 4579 1383 4646 parturitur,
1402 4576 1474 4630 uttlla
1491 4576 1572 4630 eitius
1588 4581 1615 4628 ct
1633 4574 1731 4627 melius
1754 4571 1901 4638 aspende-

273 4693 348 4749 gere,
362 4677 500 4744 quotnudo
524 4676 754 4729 consummaverit
781 4673 851 4729 Deus
867 4675 956 4728 ontrtia
979 4689 1061 4743 opera

272 4785 322 4825 sua
343 4779 419 4824 sexto
436 4769 489 4831 alie,
507 4778 534 4823 et
548 4767 663 4837 septitttu
682 4766 727 4821 die
743 4766 927 4836 requieverit,
942 4766 965 4821 si
976 4780 1062 4821 trevas

274 4861 363 4916 adltnc
373 4862 478 4915 attintas
493 4860 584 4915 creat?
610 4858 713 4925 Quibus
730 4859 752 4912 si
767 4860 925 4922 dixerimus,
945 4858 1017 4925 quod
1029 4872 1062 4912 ex

275 4951 423 5024 Evangelio
441 4967 520 5022 snpra
538 4952 651 5021 pusuisti
675 4969 682 5010 ;
708 4950 789 5005 l’etct
803 4968 875 5006 attens
893 4967 973 5022 nepae
994 4966 1064 5004 nune

274 5059 402 5117 operatur
417 5060 426 5099 :
443 5046 606 5114 respondent
630 5043 773 5109 :Operatur
790 5045 891 5098 dicttrut
916 5053 968 5109 est,
984 5044 1065 5099 iusti·

275 5145 347 5192 tutas
361 5134 588 5201 adttriuistrando,
613 5150 667 5189 non
684 5149 766 5189 novas
778 5134 956 5189 instituendo.

311 5225 502 5296 Hieronymus.
519 5224 567 5280 llic
585 5225 662 5280 loeus
677 5226 746 5294 apud
767 5226 912 5295 imperitos
929 5236 957 5281 et
983 5224 1061 5283 Scri·

275 5325 415 5388 pturarunt
447 5327 600 5374 sanctarum
636 5319 841 5372 meditationem
882 5334 1015 5388 usuraque
1037 5327 1065 5374 ct

275 5411 418 5467 seietttiam
432 5427 486 5465 nou
503 5410 649 5476 babentes,
662 5409 769 5463 ridetur
781 5409 902 5478 opinioni
913 5420 965 5464 tuat
976 5411 1064 5479 prima

276 5506 366 5558 lroute
382 5502 508 5557 blandiri.
523 5503 658 5555 deterunt
672 5500 898 5555 discussusiacile
918 5503 1033 5557 solvitur
1054 5520 1061 5556 :

277 5603 379 5649 etcum
393 5594 548 5649 testimonia
562 5592 766 5662 scripturarum
785 5594 845 5648 aliis
862 5596 1065 5664 comparaveris

277 5686 452 5752 testimoniis,
474 5702 507 5741 ne
524 5685 574 5741 sibi
593 5685 712 5755 Spiritus
730 5695 841 5740 sauctus
871 5701 920 5757 pto
932 5689 1064 5756 qualitate

276 5777 400 5832 locorum
416 5787 444 5832 ct
473 5787 626 5848 temporum
654 5777 776 5833 videatur
799 5793 859 5833 esse
883 5782 1064 5834 contrarius:

275 5870 425 5925 secttndunr
439 5870 503 5927 illud
520 5872 590 5941 qnod
602 5873 782 5944 scriptumest
798 5874 931 5944 :digitus
941 5875 1066 5944 ubpssnm

1116 4684 1171 4738 tur,
1185 4672 1235 4726 nisi
1248 4672 1311 4739 quia
1330 4671 1419 4724 ontuis
1436 4681 1560 4722 creatura
1576 4667 1622 4722 liei
1635 4668 1704 4721 bona
1717 4679 1769 4720 est.
1785 4667 1818 4721 Et
1835 4668 1902 4733 uuid

1115 4763 1233 4835 dignius,
1257 4778 1337 4831 urrant
1366 4773 1395 4814 ut
1416 4763 1486 4817 botta
1512 4760 1594 4814 iaciat
1619 4761 1692 4814 licus
1717 4761 1814 4823 bonus,
1840 4774 1903 4829 qute
1966 4788 1969 4793 ·

1116 4872 1197 4911 uerno
1213 4866 1300 4924 potest
1316 4854 1406 4909 iacere
1423 4854 1475 4908 nisi
1485 4853 1576 4908 ileos?
1586 4853 1649 4906 llaec
1662 4860 1689 4906 et
1702 4850 1754 4906 alia
1769 4866 1830 4919 quae
1840 4866 1904 4920 pos·

1116 4965 1188 5012 suto,
1203 4958 1230 5004 et
1242 4951 1314 5003 sicut
1329 4962 1450 5018 possunt,
1467 4945 1527 4999 dieo
1547 4942 1690 4998 adversum
1702 4956 1761 5021 eos,
1777 4941 1822 5010 qui
1841 4940 1902 5008 opi·

1115 5045 1225 5098 uioueut
1249 5044 1330 5104 itanc,
1346 5056 1400 5110 (pua
1414 5039 1562 5094 ereduntur
1576 5039 1673 5091 animae
1690 5038 1759 5092 sieut
1782 5035 1826 5089 illa
1850 5049 1904 5091 ortt

1115 5136 1230 5205 singolis
1246 5135 1315 5198 lieri,
1333 5134 1498 5191 labetactare
1514 5143 1657 5188 conantur.

1153 5229 1349 5298 Hieronymus.
1365 5229 1512 5291 Antonius,
1524 5233 1616 5279 orator
1632 5222 1768 5292 egregios,
1784 5222 1810 5275 itt
1826 5219 1906 5289 cajus

1115 5322 1245 5378 laudibus
1271 5322 1377 5378 'l'ttllius
1393 5329 1535 5389 personat,
1552 5319 1670 5372 disertos
1689 5331 1719 5371 se
1740 5317 1780 5369 ait
1803 5315 1906 5368 uidisse

1117 5415 1229 5481 multos,
1247 5414 1420 5483 eloquentem
1446 5412 1536 5466 adltue
1568 5408 1715 5464 nemiuem.
1737 5406 1796 5461 Noli
1821 5409 1907 5476 igitur

1118 5508 1183 5561 milti
1203 5514 1355 5570 oratorum,
1385 5514 1411 5558 ει
1432 5519 1487 5558 non
1517 5498 1700 5555 tuisssoribus
1723 5499 1828 5563 ludere,
1857 5515 1907 5570 per

1116 5615 1184 5668 qttos
1213 5599 1300 5653 solent
1325 5599 1514 5665 ituperttoruut
1540 5605 1622 5662 atoue
1648 5586 1793 5662 pttcroroot
1824 5608 1908 5650 aures

1117 5691 1205 5761 decipi
1221 5708 1228 5746 z
1243 5692 1290 5745 sed
1304 5691 1463 5759 surpiteiter
1476 5689 1519 5744 die
1535 5686 1598 5757 utrid
1612 5686 1724 5742 sentias.

1152 5781 1326 5850 duprtstinna.
1341 5782 1408 5835 euro
1421 5781 1454 5834 ad
1474 5794 1570 5848 peenas
1586 5787 1697 5831 venturu
1720 5784 1761 5830 est
1776 5775 1907 5844 partulo·

1118 5888 1189 5939 runt,
1210 5872 1323 5944 magnis,
1341 5871 1407 5927 milti
1425 5874 1517 5938 crede,
1532 5877 1657 5925 coarctor
1670 5867 1804 5937 augustiis
1823 5887 1831 5925 :
1855 5880 1908 5923 trec
