4109 6434
126 480 132 493 '
206 494 260 559 ato

667 497 696 557 S.
721 495 941 560 Htttttottt'ttt
960 496 1120 562 otendit
1144 497 1348 559 Matttssl.

1777 489 1834 553 stt

245 628 253 658 ι
278 607 316 661 lli
348 606 564 659 infamationem
583 620 689 670 eorum,
708 609 753 676 qni
777 607 907 664 credituri
927 618 992 664 sunt
1008 616 1029 673 ι
1043 611 1131 669 Filius
1159 624 1187 668 et
1205 612 1319 682 Spiritus
1343 620 1476 666 sanctus:
1496 609 1521 663 id
1546 618 1598 670 est,
1627 622 1679 661 uua
1702 608 1728 662 iu
1744 609 1832 661 tritas

206 697 244 750 iiii
265 699 289 749 in
309 697 391 752 tritam
416 708 556 751 tetctttaur.
574 716 584 749 t
603 698 644 752 tto
664 699 830 767 exetttplnrtr,
847 707 876 752 ut
894 715 926 753 nc
948 700 994 754 tle·

206 788 329 858 sperent.

246 880 338 949 allegi
367 891 456 935 autern
474 881 634 936 saeculorum
667 883 826 948 immortali,
851 883 994 946 tnvtstotti,

211 971 259 1023 soli
277 970 341 1024 Deo*
356 970 444 1025 hortor
468 981 495 1024 et
520 971 605 1040 pluria
624 973 649 1025 in
679 973 776 1028 saecula
808 973 995 1028 saeptorum:

209 1066 307 1119 nmen.
333 1083 341 1114 r
373 1065 423 1129 Qui
452 1065 517 1117 milri
536 1064 641 1118 veniam
673 1065 768 1120 ttiiurit
795 1081 848 1119 non
869 1065 996 1119 merenti.

212 1153 271 1208 liex
286 1156 359 1209 enirn
386 1156 458 1225 parri
476 1159 615 1226 teruports,
631 1167 659 1212 et
673 1157 807 1225 mortalis,
823 1174 854 1213 ae
871 1158 995 1220 visibilis,

213 1255 241 1298 et
256 1260 340 1315 capax
370 1248 518 1311 consortis,
534 1249 664 1303 horrorem
680 1260 707 1303 et
731 1249 844 1319 gloriam
862 1259 998 1319 tempora-

211 1334 262 1390 lem
283 1339 383 1391 ltairerc
397 1348 496 1408 potest,
513 1354 565 1393 non
584 1349 674 1393 tanuen
692 1341 896 1410 sctnpitcnrnm.

252 1446 261 1478 ι
279 1426 334 1482 iiue
344 1444 507 1500 praeceptum
522 1433 686 1487 commendo
700 1433 760 1498 tibi,
773 1434 808 1487 liii
819 1432 971 1488 Tirnotlree.
986 1453 995 1485 ι

212 1516 361 1590 Hucusque
378 1523 410 1574 dc
428 1532 500 1576 statu
529 1537 590 1586 sun,
607 1525 744 1590 quotuodo
764 1523 930 1578 adversariis
955 1540 998 1579 re·

210 1611 345 1679 spondere
357 1628 365 1678 ;
378 1613 440 1668 irinc
453 1615 499 1669 dat
510 1615 698 1668 auctoritatem
707 1615 861 1681 ordinandi,
872 1615 998 1681 docendi,

212 1714 274 1768 ttuae
284 1713 417 1774 praecepta
434 1714 497 1760 sunt
513 1707 695 1763 commendat.

253 1812 263 1846 r
300 1795 452 1851 Secundum
482 1800 669 1867 praecedentes
695 1800 720 1851 in
751 1808 776 1853 te
795 1797 962 1868 prophetias.
988 1817 998 1849 r

216 1884 374 1942 Seettudnrn
394 1891 465 1956 otrod
484 1892 565 1945 etiam
591 1891 720 1947 antehoc
736 1890 865 1957 oiliciunr,
882 1891 1000 1945 ltabeltas

216 1981 332 2046 gratiam
351 1982 546 2051 prophetandi.

255 2091 265 2124 ι
287 2071 321 2127 Ut
336 2073 437 2127 milites
451 2075 476 2127 in
493 2074 545 2129 illis
563 2076 659 2129 ironam
680 2076 817 2130 militiam.
837 2075 933 2128 aliona
952 2076 1002 2128 mi·

217 2164 341 2230 inlaesi,
361 2167 456 2234 inqua
473 2176 567 2219 contra
585 2166 722 2220 diabolum
737 2177 763 2221 ot
778 2166 841 2220 titia
859 2169 1000 2221 militatur.

256 2275 265 2308 ι
294 2255 403 2311 liabens
420 2257 511 2312 iidem.
529 2241 543 2310 ἰ
563 2256 617 2312 i‘ro
642 2260 738 2324 armis,
754 2259 832 2313 tidem
855 2259 880 2312 iu
894 2258 1003 2313 Cirristo

219 2348 379 2418 perlectam.

255 2458 264 2490 ι
283 2439 315 2494 Et
329 2440 427 2495 bonam
439 2441 647 2498 conscientiam.
662 2460 671 2495 t
683 2441 823 2511 implendo
833 2445 904 2513 quoti
912 2444 1001 2499 doces.

255 2550 265 2584 ι
284 2534 369 2597 erant
387 2534 496 2603 quidatn
511 2534 675 2604 repellentes
698 2534 770 2588 circa
788 2535 867 2589 oden
891 2534 1003 2587 nauita·

217 2635 388 2694 paverunt.»
423 2625 491 2679 llaie
516 2627 647 2691 virendo,
671 2626 756 2695 ipsam
786 2642 894 2695 quoque
924 2628 1002 2679 lidern

219 2713 409 2781 perdiderunt,
428 2730 509 2784 quam
527 2717 629 2773 habete
646 2719 807 2773 uidebantur
822 2735 830 2772 :
847 2719 904 2773 sive
922 2717 1003 2771 etiarn

217 2803 274 2872 jatu
292 2805 357 2857 titia
378 2803 567 2862 selendentes.

257 2914 267 2947 ι
292 2894 330 2949 Er
347 2898 444 2965 qttiirus
459 2907 502 2953 est
517 2898 680 2970 ilptuentcus
695 2909 722 2956 et
738 2900 904 2956 Alexander.
925 2919 935 2952 t
953 2899 1004 2965 Qui

221 3000 313 3040 aratore
329 2987 457 3041 vitiorum
474 2987 509 3042 ad
524 2992 648 3045 iteresim
664 2991 845 3046 transierunt.

260 3096 269 3129 ι
287 3079 361 3145 Quos
375 3079 473 3134 tradidi
489 3079 609 3149 Satanae,
623 3093 652 3135 ut
668 3084 775 3138 discant
801 3099 854 3138 rtou
882 3081 1007 3150 lriasphe-

223 3184 310 3224 tttare.
327 3188 336 3220 r
354 3169 382 3223 lu
399 3173 538 3225 interitum
556 3173 661 3236 caratis,
683 3186 712 3226 ιιι
723 3190 756 3227 ex
771 3175 898 3244 praesenti
913 3188 1006 3228 curre·

1047 706 1171 777 personis
1187 715 1285 758 natura
1300 712 1341 756 est
1356 704 1478 755 deitatis.

1087 818 1096 850 ι
1117 796 1191 850 Uirtus
1204 806 1232 849 et
1248 795 1381 849 mediator
1399 792 1444 848 [tet
1459 801 1487 846 et
1504 791 1644 848 ltntninntn
1657 790 1741 844 lromo
1754 786 1834 842 Citri-

1047 898 1106 943 stus
1120 887 1209 941 lesus.
1233 905 1242 938 ι
1262 883 1339 939 Sicut
1355 900 1424 938 unus
1438 882 1517 947 Deus,
1536 883 1572 936 ita
1588 897 1659 934 unns
1674 889 1717 935 est
1733 878 1834 931 media·

1049 989 1092 1032 tor
1108 980 1179 1032 inter
1202 978 1283 1030 [teum
1303 981 1329 1028 et
1355 975 1480 1030 homiues
1507 975 1678 1027 urriversns:
1702 972 1756 1025 itoc
1781 978 1850 1030 est,·

1049 1071 1139 1125 nuilus
1158 1068 1227 1122 alins
1241 1069 1311 1128 tulis.
1329 1082 1379 1122 nec
1397 1065 1512 1138 iiopses,
1527 1080 1576 1119 nec
1592 1062 1695 1132 aliquis
1712 1060 1832 1131 prophe·

1050 1161 1223 1229 ta.quialtic
1243 1160 1366 1214 ethome
1393 1168 1462 1224 erat,
1485 1166 1513 1212 et
1538 1156 1618 1211 Deus.
1640 1154 1694 1209 Sed
1725 1153 1787 1222 tpria
1804 1154 1849 1243 de⁸

1050 1253 1198 1309 traditione
1212 1262 1270 1306 erat
1286 1253 1419 1316 dicturus,
1433 1251 1494 1306 ideo
1509 1250 1647 1304 hominem
1664 1246 1834 1302 solummodo

1051 1344 1215 1409 nuttrirtacih

1090 1455 1098 1486 ι
1118 1435 1169 1501 Qui
1193 1434 1267 1488 dedit
1286 1430 1502 1502 redemptionem
1519 1430 1698 1500 semetipsum
1713 1441 1763 1497 pro
1778 1440 1836 1477 om·

1052 1526 1141 1581 uibus.
1162 1543 1171 1576 t
1188 1525 1236 1580 lile
1247 1539 1276 1579 sc
1286 1538 1334 1592 pto
1350 1522 1478 1577 omnibus
1490 1521 1576 1589 dedit,
1589 1522 1611 1576 si
1624 1534 1723 1574 outttes
1741 1516 1836 1572 redimi

1052 1619 1162 1673 velient.

1091 1729 1100 1762 ι
1118 1709 1202 1777 Cujus
1215 1708 1399 1763 testimoninm
1424 1704 1591 1776 temporibus
1607 1703 1665 1758 suis
1688 1702 1837 1758 contenta·

1052 1810 1107 1856 tum
1122 1810 1173 1855 est.
1197 1821 1206 1852 r
1225 1801 1253 1855 ln
1274 1799 1459 1854 testimonium
1480 1796 1722 1867 generiinunauo,
1738 1801 1839 1849 sancto
1890 1840 1896 1854 ,

1053 1892 1116 1945 vitae
1130 1890 1205 1945 dedit
1221 1890 1376 1959 exemplum
1394 1906 1400 1945 :
1417 1888 1479 1957 qnia
1498 1898 1524 1940 et
1539 1887 1678 1954 proplietae
1691 1886 1749 1940 suis
1765 1883 1840 1938 testi·

1019 1948 1039 2002 Β
1057 1983 1177 2036 artemium
1196 1982 1271 2036 lurore
1286 1980 1475 2050 temporibus:
1496 1979 1644 2033 notissime
1660 1985 1752 2031 autem
1767 1975 1839 2031 nrisii

1055 2076 1138 2128 lilium
1155 2089 1234 2128 suunt
1254 2074 1286 2125 ari
1307 2073 1430 2128 colonos.

1092 2184 1101 2216 ι
1122 2166 1149 2220 ιιι
1165 2179 1218 2234 qno
1234 2164 1337 2230 positus
1351 2180 1409 2217 sunt
1426 2177 1476 2234 ego
1491 2161 1653 2232 praedicator
1676 2171 1705 2215 et
1721 2159 1839 2228 Aposto-
1855 2152 1857 2155 ’

1053 2258 1104 2311 lus.
1125 2276 1133 2307 ι
1152 2259 1181 2310 ιιι
1195 2256 1295 2310 Christi
1311 2255 1481 2320 testimonio,
1498 2257 1556 2309 sive
1575 2254 1698 2310 Cirristo.

1093 2368 1102 2401 ι
1123 2347 1271 2403 Veritatem
1287 2349 1359 2411 tileo,
1377 2364 1430 2400 tron
1447 2347 1574 2408 utentior,
1598 2339 1696 2398 doctor
1719 2339 1838 2412 gentium

1054 2447 1080 2498 in
1097 2443 1149 2497 tide
1164 2450 1190 2495 ct
1202 2441 1258 2494 teri
1267 2451 1332 2493 tate.
1350 2439 1418 2493 iioio
1434 2454 1499 2507 crgo
1516 2437 1590 2492 tirus
1611 2449 1693 2490 orate
1721 2432 1837 2490 inomni

1056 2534 1125 2588 loeo.
1142 2551 1151 2583 ι
1170 2529 1298 2601 Magister
1314 2532 1433 2598 gentium
1457 2528 1504 2583 dat
1517 2529 1601 2598 legem
1628 2525 1735 2591 orandi,
1748 2533 1778 2578 ut
1791 2538 1839 2576 au·

1055 2625 1180 2676 ctoritate
1213 2620 1371 2686 Salvatoris,
1406 2635 1495 2684 treoue
1523 2620 1548 2672 iu
1572 2626 1675 2680 monte,
1696 2629 1784 2684 neque
1813 2613 1839 2667 itt

1056 2715 1249 2784 Hierosolymis
1274 2712 1373 2781 aliquis
1390 2712 1483 2766 orarrrli
1510 2710 1594 2781 eligat
1622 2708 1722 2768 locunt,
1740 2705 1789 2759 sed
1812 2705 1839 2757 in

1056 2809 1153 2878 spiritu
1176 2805 1267 2871 (loun.
1292 2821 1328 2869 ιι,
1346 2804 1392 2868 ii,
1416 2801 1482 2873 ἓόιι
1499 2802 1544 2871 qui
1573 2798 1671 2867 ubique
1699 2795 1838 2851 nobiscum

1055 2913 1114 2952 esse
1132 2897 1297 2965 intelligitur.
1313 2893 1388 2947 Sane.
1417 2891 1451 2946 de
1481 2891 1532 2945 lroc
1549 2890 1608 2944 loco
1636 2898 1662 2941 et
1680 2886 1731 2940 hae
1759 2897 1839 2940 carrea

1057 2988 1189 3045 cludaeis
1207 2998 1278 3042 nrota
1301 2986 1351 3037 luit
1368 2986 1492 3054 quaestio,
1508 2982 1553 3050 qui
1574 2981 1600 3033 ιιι
1617 2980 1719 3048 templo
1735 2978 1841 3031 solutu·

1058 3084 1136 3136 ruodo
1152 3081 1179 3134 ιιι
1196 3078 1392 3148 Hierosolymis
1414 3091 1494 3130 orare
1512 3073 1658 3141 cupiebant
1683 3066 1768 3141 (loiri.
1783 3064 1839 3136 ιθ).

1096 3192 1104 3224 ι
1124 3171 1255 3226 Levantes
1286 3185 1370 3239 puras
1387 3183 1483 3221 triatrus
1505 3167 1565 3220 siue
1591 3167 1679 3218 itaet
1704 3163 1840 3230 discepta·

223 3263 315 3330 ptiooe
339 3263 456 3329 discant,
476 3265 596 3319 lutururn
614 3266 749 3334 iudicium
771 3281 822 3319 nou
841 3281 939 3336 negare
951 3281 960 3334 ;
972 3266 1004 3320 ad
1019 3293 1042 3350 c
1060 3266 1143 3320 tione.
1159 3285 1169 3318 ι
1188 3266 1208 3317 Α
1223 3265 1306 3329 caede,
1320 3273 1345 3318 et
1361 3263 1503 3328 sangarine,
1517 3258 1646 3325 rrrnnirpue
1661 3270 1744 3325 opere
1760 3252 1841 3307 malo.

220 3357 423 3411 emendandum
440 3358 544 3424 traditi,
561 3375 613 3411 non
630 3359 662 3413 ad
680 3359 862 3428 perdendum.

536 3467 697 3527 electu.

260 3575 270 3610 r
291 3557 413 3614 Obsecro
431 3559 513 3630 igitur
529 3560 646 3630 primurn
661 3561 781 3616 omnium
797 3561 856 3617 lieri
879 3563 1007 3618 olrsecra·

226 3653 322 3707 tiones.
344 3672 353 3702 ι
373 3653 543 3719 Obsecratio,
565 3657 712 3725 impensior
731 3667 773 3712 cst
787 3659 885 3712 oratio.

263 3762 273 3795 ι
289 3743 444 3809 Orationes,
461 3746 671 3813 postulationes,
682 3748 829 3813 gratiarnm
843 3751 974 3805 actiones.
995 3766 1005 3800 r

221 3835 278 3906 Ριο
297 3850 329 3890 co
344 3837 416 3905 quod
436 3852 484 3891 nos
508 3837 604 3906 dignos
624 3838 696 3907 iecit,
719 3841 801 3893 etiam
827 3839 936 3908 proluis
963 3838 1009 3906 oni

226 3941 276 3981 ros
289 3941 491 3994 persequuntur
507 3938 535 3982 et
550 3929 690 3981 tribulant.

264 4037 273 4070 ι
292 4018 345 4075 Pro
362 4021 489 4075 omatibus
513 4022 682 4087 loturinilrus,
708 4036 757 4093 pro
774 4023 894 4088 regilius,
910 4032 938 4076 et
951 4036 1010 4076 orn-

229 4109 306 4164 uilrus
321 4110 366 4180 epti
386 4112 414 4164 in
432 4112 598 4166 sublimitate
616 4113 757 4169 constituti
775 4123 848 4168 sunt.
869 4132 879 4165 t
903 4111 938 4167 ιιι
965 4127 1010 4167 eu·

227 4214 359 4270 gnoscant
374 4204 468 4268 Deum,
483 4205 541 4260 sire
570 4195 598 4259 ut
608 4206 745 4275 subjectas
778 4206 893 4260 habeant
907 4215 1011 4275 goinus.

231 4292 339 4346 illorum
356 4296 426 4348 enirn
445 4297 471 4349 in
484 4310 549 4365 paee
567 4299 751 4366 tranquillitas
763 4307 853 4353 nostra
866 4298 990 4352 consistit
1003 4313 1011 4353 ι

230 4385 276 4437 sed
295 4385 357 4439 etsi
375 4387 454 4441 nubis
469 4390 630 4444 Christianis
649 4394 685 4445 sit
706 4392 903 4460 persecutionis
919 4395 1013 4445 turua-

232 4478 279 4544 tio,
299 4479 387 4533 omnis
404 4480 564 4550 inquietudo
583 4484 710 4538 cessaitit.

271 4589 280 4622 ι
301 4571 337 4625 Ut
364 4572 484 4638 quietum
505 4583 533 4627 et
549 4574 720 4644 trautptillaru
738 4576 819 4629 vitatu
848 4588 959 4645 agninus
987 4573 1012 4626 io

231 4663 304 4716 nntrri
322 4665 420 4732 pietate
435 4674 463 4717 et
477 4667 611 4721 castitate.
627 4685 636 4717 r
655 4667 694 4718 tid
722 4668 772 4721 iroc
799 4681 850 4721 tros
874 4665 932 4720 ιιιιι
954 4681 1014 4720 esse

231 4753 348 4821 quietos,
374 4771 402 4807 ut
428 4754 528 4822 pietate
551 4768 578 4810 et
601 4759 737 4822 castitate,
764 4773 816 4810 uon
842 4756 1013 4811 dissensione

230 4846 438 4914 atquelttauria,
456 4848 636 4915 tranquillitas
651 4858 744 4902 ttostra
762 4849 896 4918 prolicint.

270 4954 280 4988 r
298 4935 353 4991 iloc
369 4938 441 4991 enirn
457 4938 557 4992 bonurn
578 4953 630 5003 cst,
647 4950 674 4993 et
688 4951 828 5010 acceptum
849 4923 939 4993 conatur
956 4938 1015 4991 Sal·

231 5038 327 5082 natoue
347 5037 440 5082 nostro
459 5028 527 5083 lieo.
552 5046 561 5078 r
581 5029 613 5083 Ut
628 5029 711 5099 quieti
727 5030 752 5084 in
769 5031 872 5085 sanctis
886 5030 1015 5099 operiltns

232 5121 394 5175 serviamus.

273 5230 282 5263 ι
300 5214 349 5278 Qui
366 5228 459 5268 omnes
472 5213 594 5269 irootines
608 5213 665 5269 tuit
677 5196 766 5268 saluos
779 5213 849 5267 lteri.
867 5232 877 5264 ι
893 5212 941 5266 llic
955 5227 1017 5279 pro-

233 5302 316 5358 luatur
332 5304 353 5370 ¹,
374 5306 474 5359 nemini
492 5315 618 5375 oportere
631 5309 664 5359 ad
677 5307 844 5359 credendum
861 5306 914 5357 ritu
931 5306 1016 5355 litier-

235 5409 275 5460 te,
294 5411 343 5449 uec
365 5394 460 5451 tollere
473 5398 579 5452 arbitrii
595 5397 759 5451 libertatem.
777 5396 868 5450 Sedet
882 5395 948 5449 illud
967 5398 1017 5444 irnc

235 5488 297 5541 loeo
314 5486 428 5540 soiritur
442 5487 474 5540 do
489 5488 663 5541 induratione
688 5484 850 5551 Pharaonis,
868 5496 894 5541 et
911 5497 1018 5538 caeterae

236 5576 391 5645 ltujosnrodi
406 5575 567 5642 objectionis
580 5574 754 5647 quaestiones.

273 5686 283 5720 ι
303 5669 334 5722 lit
361 5669 394 5724 ad
421 5673 586 5740 aperitionem
605 5673 728 5727 veritatis
756 5670 858 5726 tenire.
878 5688 886 5720 ι
906 5668 932 5722 Si
962 5669 1013 5737 ipsi

238 5768 327 5816 tauten
340 5765 445 5819 vocanti
457 5763 512 5819 [ico
522 5766 679 5847 consentire
694 5765 840 5820 voluerint.

279 5871 289 5904 ι
307 5852 385 5910 Unus
408 5859 480 5911 enitu
497 5856 578 5914 Deus.
603 5878 611 5912 ι
631 5859 706 5915 llum
719 5859 791 5914 enim
809 5859 879 5913 liens
895 5857 976 5911 Pater
992 5866 1019 5909 et

1059 3356 1259 3412 Testimonium
1277 3355 1349 3410 enim
1366 3353 1531 3406 innocentiae
1548 3356 1590 3404 esi
1605 3363 1734 3402 manuum
1752 3345 1842 3400 clera·

1059 3450 1105 3504 tio.
1120 3447 1176 3501 Non
1196 3446 1283 3501 solum
1300 3455 1390 3498 autent
1407 3457 1505 3497 manus
1530 3442 1564 3495 ab
1578 3455 1674 3510 opere,
1690 3438 1738 3493 sed
1763 3436 1843 3490 etiam

1059 3551 1176 3594 mentem
1195 3539 1230 3591 alt
1242 3538 1281 3590 ira
1301 3547 1327 3590 et
1345 3532 1558 3605 disceptationis
1581 3531 1712 3598 cogitatu,
1728 3528 1777 3597 qni
1793 3525 1843 3580 sibi

1059 3630 1159 3686 dimitti
1175 3628 1252 3698 petit,
1276 3627 1355 3680 debet
1375 3625 1475 3679 ltaitere
1499 3623 1624 3675 rrrutnias.
1639 3617 1726 3672 Nemo
1745 3616 1846 3686 aliquid

1060 3727 1206 3793 impetrare
1221 3729 1318 3788 potest,
1334 3718 1385 3773 alia
1402 3716 1560 3787 cogitando.

1099 3815 1260 3870 «Similiter
1279 3821 1305 3866 et
1328 3811 1465 3864 mulieres.
1486 3825 1495 3859 ι
1517 3805 1616 3861 Ontnitt
1642 3818 1705 3874 quaa
1734 3799 1792 3855 dixi
1814 3798 1846 3853 dn

1061 3911 1138 3966 ritis.
1436 3910 1438 3916 '

1101 4021 1110 4053 ι
1131 3999 1159 4054 ιιι
1176 3997 1270 4054 ιιιιιιιι
1287 4004 1395 4052 ornato.
1415 4010 1425 4045 r
1443 3990 1601 4047 ilonestoot
1612 3984 1789 4043 conuenienti
1802 3996 1848 4036 na·

1063 4105 1141 4151 tune.

1102 4185 1199 4250 ocum
1216 4182 1377 4238 verecundia
1405 4188 1433 4234 et
1455 4169 1599 4232 sobrietate
1622 4179 1753 4223 certantes
1777 4178 1846 4221 stat

1064 4276 1126 4332 llaec
1145 4286 1208 4328 sunt
1225 4282 1387 4327 orrtanrenta
1405 4270 1513 4324 lentina:
1530 4265 1706 4321 cttrtsrtann.

1102 4386 1111 4418 ι
1128 4367 1159 4419 Et
1175 4380 1226 4418 non
1239 4368 1265 4418 in
1279 4363 1359 4416 tortis
1374 4359 1525 4416 oriculus.»
1541 4357 1598 4411 lion
1612 4357 1712 4410 debent
1727 4348 1851 4407 occasio·

1065 4475 1126 4513 nem
1142 4458 1207 4510 dare
1225 4454 1461 4522 eoncupiscentia.

1105 4567 1113 4599 ι
1137 4548 1188 4601 dut
1213 4560 1291 4609 auro,
1313 4553 1360 4598 aut
1385 4542 1552 4621 margaritis.
1571 4560 1581 4593 r
1599 4539 1665 4606 Qun
1682 4548 1762 4591 terrae
1789 4542 1853 4590 sunt

1031 4623 1057 4684 Ῐ)
1070 4625 1160 4711 partes
1175 4656 1182 4692 ε
1199 4639 1278 4707 cuius
1289 4645 1329 4691 est
1347 4637 1427 4690 ltonro
1442 4635 1567 4689 dominns
1587 4633 1741 4685 institutus.

1106 4748 1116 4780 ι
1139 4727 1184 4782 iiel
1202 4737 1275 4782 teste
1303 4726 1432 4795 pretiosa.
1455 4745 1469 4772 ι
1488 4721 1554 4788 Quae
1570 4737 1625 4790 prae
1644 4721 1726 4774 rrinria
1747 4719 1855 4776 sttbtiii·

1070 4830 1124 4878 tate
1141 4835 1194 4875 nec
1221 4819 1306 4887 leigus
1324 4825 1426 4879 arcent,
1442 4826 1469 4869 et
1493 4806 1530 4868 de¹
1544 4815 1622 4884 ctrjus
1638 4813 1726 4882 pretio
1744 4811 1854 4882 ttlurirni

1070 4914 1162 4968 vestiri
1177 4910 1299 4980 ejusdem
1315 4918 1421 4962 naturae
1446 4907 1570 4959 homines
1593 4906 1755 4975 potuissent.

1108 5023 1119 5056 ι
1138 5004 1190 5059 Sed
1211 5004 1282 5072 rptod
1297 4989 1375 5055 decet
1394 5000 1534 5061 mulieres,
1553 4997 1746 5067 promittentes
1769 4996 1856 5065 picta·

1071 5110 1125 5155 tent
1142 5115 1189 5169 per
1206 5112 1287 5167 opera
1304 5097 1387 5150 iruna.
1408 5111 1418 5143 r
1437 5092 1491 5145 iste
1509 5106 1573 5160 ergo
1587 5105 1639 5143 non
1656 5096 1721 5141 suut
1743 5088 1856 5156 promit·
1913 5154 1920 5171 .

1072 5191 1200 5253 lorrtlnm,
1218 5187 1264 5242 scd
1282 5186 1437 5255 negantium
1461 5185 1623 5237 castitatem.

1111 5300 1121 5333 ι
1135 5281 1228 5336 liniier
1237 5281 1264 5333 in
1277 5279 1384 5334 silentio
1394 5278 1482 5332 diseat
1491 5290 1552 5328 curn
1565 5274 1637 5326 omni
1649 5273 1831 5342 subjectione.
1845 5289 1854 5321 ι

1073 5373 1166 5428 Discat
1182 5370 1302 5442 quidem,
1319 5368 1365 5422 sed
1382 5381 1444 5421 curn
1468 5363 1542 5420 ornui
1559 5363 1713 5419 lrtrtuiiitatc
1726 5373 1755 5418 et
1769 5362 1857 5417 citari·

1074 5473 1138 5518 ldie.

1111 5573 1121 5607 r
1143 5554 1243 5608 [locere
1259 5560 1349 5606 autent
1366 5551 1471 5605 mulieri
1488 5566 1540 5605 non
1558 5549 1697 5619 permitto.
1718 5564 1729 5601 t
1747 5544 1856 5602 Publice

1075 5660 1129 5700 non
1147 5645 1297 5714 porrarittit:
1314 5659 1375 5698 naut
1390 5643 1473 5698 ilium
1486 5653 1533 5697 aut
1545 5643 1656 5697 iratroru
1669 5641 1751 5695 deltet
1763 5642 1859 5694 ducere

1076 5739 1214 5808 priuatim.

1112 5871 1121 5906 r
1144 5854 1235 5921 itenere
1247 5852 1381 5909 dotuinari
1392 5852 1421 5908 iu
1431 5854 1531 5920 tirum,
1543 5860 1589 5908 sed
1601 5867 1662 5908 esse
1676 5849 1703 5905 in
1714 5848 1853 5908 silentiar

264 5975 274 6007 ¹
292 5972 355 6036 l'r'de
368 5975 479 6039 Brlurii
494 5994 580 6042 rtotas
594 5983 621 6042 in
641 5981 828 6061 egelbirtum,
840 5994 903 6056 pap.
914 5978 946 6036 'oi
960 5985 988 6034 et
1004 5989 1065 6047 scit.
1079 5973 1170 6046 liunt.
1182 5972 1216 6028 Cl
1225 5972 1268 6041 ιιι
