<?xml version="1.0" encoding="UTF-8"?>
<!DOCTYPE html PUBLIC "-//W3C//DTD XHTML 1.0 Transitional//EN"
    "http://www.w3.org/TR/xhtml1/DTD/xhtml1-transitional.dtd">
<html xmlns="http://www.w3.org/1999/xhtml" xml:lang="en" lang="en">
 <head>
  <title>
</title>
<meta http-equiv="Content-Type" content="text/html;charset=utf-8" />
  <meta name='ocr-system' content='tesseract 3.04.00' />
  <meta name='ocr-capabilities' content='ocr_page ocr_carea ocr_par ocr_line ocrx_word'/>
</head>
<body>
  <div class='ocr_page' id='page_1' title='image "./patrologiaecurs08goog_0357.png"; bbox 0 0 4109 6434; ppageno 0'>
   <div class='ocr_carea' id='block_1_1' title="bbox 180 368 289 460">
    <p class='ocr_par' dir='ltr' id='par_1_1' title="bbox 180 368 289 460">
     <span class='ocr_line' id='line_1_1' title="bbox 180 368 289 460; baseline 0.018 -28"><span class='ocrx_word' id='word_1_1' title='bbox 180 368 289 460; x_wconf 42' lang='lat' dir='ltr'>‚stt-</span> 
     </span>
    </p>
   </div>
   <div class='ocr_carea' id='block_1_2' title="bbox 723 361 1324 427">
    <p class='ocr_par' dir='ltr' id='par_1_2' title="bbox 723 361 1324 427">
     <span class='ocr_line' id='line_1_2' title="bbox 723 361 1324 427; baseline -0.003 -2"><span class='ocrx_word' id='word_1_2' title='bbox 723 362 932 427; x_wconf 72' lang='lat' dir='ltr'>expostulo</span> <span class='ocrx_word' id='word_1_3' title='bbox 953 362 992 424; x_wconf 81' lang='grc' dir='ltr'>ΙΝ</span> <span class='ocrx_word' id='word_1_4' title='bbox 1016 362 1137 424; x_wconf 75' lang='lat' dir='ltr'>EPIST.</span> <span class='ocrx_word' id='word_1_5' title='bbox 1159 364 1211 423; x_wconf 80' lang='lat' dir='ltr'>db</span> <span class='ocrx_word' id='word_1_6' title='bbox 1233 361 1324 423; x_wconf 81' lang='lat' dir='ltr'>null.</span> 
     </span>
    </p>
   </div>
   <div class='ocr_carea' id='block_1_3' title="bbox 1783 367 1839 433">
    <p class='ocr_par' dir='ltr' id='par_1_3' title="bbox 1783 367 1839 433">
     <span class='ocr_line' id='line_1_3' title="bbox 1783 367 1839 433; baseline 0 0"><span class='ocrx_word' id='word_1_7' title='bbox 1783 367 1839 433; x_wconf 81' lang='lat' dir='ltr'>lit</span> 
     </span>
    </p>
   </div>
   <div class='ocr_carea' id='block_1_4' title="bbox 246 479 1839 555">
    <p class='ocr_par' dir='ltr' id='par_1_4' title="bbox 246 479 1839 555">
     <span class='ocr_line' id='line_1_4' title="bbox 246 479 1839 555; baseline 0.001 -17"><span class='ocrx_word' id='word_1_8' title='bbox 246 480 373 540; x_wconf 78' lang='lat' dir='ltr'>slltsim</span> <span class='ocrx_word' id='word_1_9' title='bbox 401 480 523 537; x_wconf 86' lang='lat' dir='ltr'>nrirtister</span> <span class='ocrx_word' id='word_1_10' title='bbox 553 480 654 536; x_wconf 82' lang='lat' dir='ltr'>Cbristi</span> <span class='ocrx_word' id='word_1_11' title='bbox 680 479 743 536; x_wconf 83' lang='lat' dir='ltr'>lesu</span> <span class='ocrx_word' id='word_1_12' title='bbox 772 482 799 536; x_wconf 94' lang='lat' dir='ltr'>in</span> <span class='ocrx_word' id='word_1_13' title='bbox 827 481 965 552; x_wconf 88' lang='lat' dir='ltr'>gentibus.</span> <span class='ocrx_word' id='word_1_14' title='bbox 982 501 991 534; x_wconf 90' lang='grc' dir='ltr'>ι</span> <span class='ocrx_word' id='word_1_15' title='bbox 1009 479 1130 549; x_wconf 70' lang='lat' dir='ltr'>Adiupio</span> <span class='ocrx_word' id='word_1_16' title='bbox 1144 481 1262 546; x_wconf 83' lang='lat' dir='ltr'>dissolui,</span> <span class='ocrx_word' id='word_1_17' title='bbox 1278 491 1303 536; x_wconf 88' lang='lat' dir='ltr'>et</span> <span class='ocrx_word' id='word_1_18' title='bbox 1318 497 1373 536; x_wconf 81' lang='lat' dir='ltr'>erre</span> <span class='ocrx_word' id='word_1_19' title='bbox 1386 496 1444 534; x_wconf 86' lang='lat' dir='ltr'>curu</span> <span class='ocrx_word' id='word_1_20' title='bbox 1461 481 1569 540; x_wconf 81' lang='lat' dir='ltr'>Cbristo</span> <span class='ocrx_word' id='word_1_21' title='bbox 1585 485 1713 555; x_wconf 84' lang='lat' dir='ltr'>(l&#39;lrilipp.</span> <span class='ocrx_word' id='word_1_22' title='bbox 1741 502 1761 548; x_wconf 91' lang='lat' dir='ltr'>r,</span> <span class='ocrx_word' id='word_1_23' title='bbox 1779 487 1839 548; x_wconf 70' lang='lat'>25).</span> 
     </span>
    </p>
   </div>
   <div class='ocr_carea' id='block_1_5' title="bbox 206 572 1009 3231">
    <p class='ocr_par' dir='ltr' id='par_1_5' title="bbox 206 572 996 743">
     <span class='ocr_line' id='line_1_5' title="bbox 207 572 996 642; baseline -0.003 -11"><span class='ocrx_word' id='word_1_24' title='bbox 207 572 338 631; x_wconf 85' lang='lat' dir='ltr'>Sertieus</span> <span class='ocrx_word' id='word_1_25' title='bbox 360 573 517 642; x_wconf 74' lang='lat' dir='ltr'>Etatngclio,</span> <span class='ocrx_word' id='word_1_26' title='bbox 533 573 584 629; x_wconf 89' lang='lat' dir='ltr'>lruc</span> <span class='ocrx_word' id='word_1_27' title='bbox 606 583 658 639; x_wconf 83' lang='lat' dir='ltr'>est,</span> <span class='ocrx_word' id='word_1_28' title='bbox 691 588 824 629; x_wconf 81' lang='lat' dir='ltr'>reuocans</span> <span class='ocrx_word' id='word_1_29' title='bbox 851 575 877 628; x_wconf 88' lang='lat' dir='ltr'>ei</span> <span class='ocrx_word' id='word_1_30' title='bbox 901 589 996 631; x_wconf 85' lang='lat' dir='ltr'>seruos</span> 
     </span>
     <span class='ocr_line' id='line_1_6' title="bbox 206 665 498 743; baseline -0.021 -17"><span class='ocrx_word' id='word_1_31' title='bbox 206 668 341 743; x_wconf 84' lang='lat' dir='ltr'>quosdam</span> <span class='ocrx_word' id='word_1_32' title='bbox 357 665 498 734; x_wconf 78' lang='lat' dir='ltr'>fugitiuos.</span> 
     </span>
    </p>

    <p class='ocr_par' dir='ltr' id='par_1_6' title="bbox 206 757 1000 1382">
     <span class='ocr_line' id='line_1_7' title="bbox 247 757 995 831; baseline 0.003 -17"><span class='ocrx_word' id='word_1_33' title='bbox 247 779 257 814; x_wconf 89' lang='grc' dir='ltr'>ι</span> <span class='ocrx_word' id='word_1_34' title='bbox 273 758 453 816; x_wconf 84' lang='lat' dir='ltr'>Sanctilicans</span> <span class='ocrx_word' id='word_1_35' title='bbox 466 758 652 828; x_wconf 58' lang='lat' dir='ltr'>‚Erarrgelium</span> <span class='ocrx_word' id='word_1_36' title='bbox 672 758 756 813; x_wconf 74' lang='lat' dir='ltr'>liei.»</span> <span class='ocrx_word' id='word_1_37' title='bbox 783 757 843 816; x_wconf 80' lang='lat' dir='ltr'>ileo</span> <span class='ocrx_word' id='word_1_38' title='bbox 869 760 995 831; x_wconf 82' lang='lat' dir='ltr'>exemplo</span> 
     </span>
     <span class='ocr_line' id='line_1_8' title="bbox 206 853 999 921; baseline -0.001 -11"><span class='ocrx_word' id='word_1_39' title='bbox 206 863 333 911; x_wconf 74' lang='lat' dir='ltr'>unctura</span> <span class='ocrx_word' id='word_1_40' title='bbox 350 866 410 906; x_wconf 86' lang='lat' dir='ltr'>esse</span> <span class='ocrx_word' id='word_1_41' title='bbox 423 853 625 914; x_wconf 83' lang='lat' dir='ltr'>‹leruonstraus,</span> <span class='ocrx_word' id='word_1_42' title='bbox 639 854 711 921; x_wconf 88' lang='lat' dir='ltr'>quod</span> <span class='ocrx_word' id='word_1_43' title='bbox 727 866 789 906; x_wconf 87' lang='lat' dir='ltr'>curn</span> <span class='ocrx_word' id='word_1_44' title='bbox 806 861 885 908; x_wconf 90' lang='lat' dir='ltr'>tanto</span> <span class='ocrx_word' id='word_1_45' title='bbox 901 854 999 909; x_wconf 90' lang='lat' dir='ltr'>timore</span> 
     </span>
     <span class='ocr_line' id='line_1_9' title="bbox 206 943 998 1018; baseline 0.011 -26"><span class='ocrx_word' id='word_1_46' title='bbox 206 945 330 1018; x_wconf 63' lang='lat' dir='ltr'>particio,</span> <span class='ocrx_word' id='word_1_47' title='bbox 357 943 559 1010; x_wconf 73' lang='lat' dir='ltr'>eridamenim</span> <span class='ocrx_word' id='word_1_48' title='bbox 585 945 778 999; x_wconf 85' lang='lat' dir='ltr'>ntlrumannm</span> <span class='ocrx_word' id='word_1_49' title='bbox 805 954 998 1016; x_wconf 88' lang='lat' dir='ltr'>contemnunt,</span> 
     </span>
     <span class='ocr_line' id='line_1_10' title="bbox 207 1035 998 1108; baseline -0.004 -15"><span class='ocrx_word' id='word_1_50' title='bbox 207 1038 281 1108; x_wconf 72' lang='lat' dir='ltr'>sprod</span> <span class='ocrx_word' id='word_1_51' title='bbox 299 1036 450 1108; x_wconf 88' lang='lat' dir='ltr'>praedicant</span> <span class='ocrx_word' id='word_1_52' title='bbox 469 1044 497 1088; x_wconf 90' lang='lat' dir='ltr'>nt</span> <span class='ocrx_word' id='word_1_53' title='bbox 513 1036 636 1089; x_wconf 90' lang='lat' dir='ltr'>dirinmn</span> <span class='ocrx_word' id='word_1_54' title='bbox 655 1051 663 1090; x_wconf 76' lang='grc' dir='ltr'>ι</span> <span class='ocrx_word' id='word_1_55' title='bbox 680 1045 707 1090; x_wconf 89' lang='lat' dir='ltr'>et</span> <span class='ocrx_word' id='word_1_56' title='bbox 724 1037 759 1091; x_wconf 89' lang='lat' dir='ltr'>ita</span> <span class='ocrx_word' id='word_1_57' title='bbox 775 1035 802 1090; x_wconf 88' lang='lat' dir='ltr'>dt</span> <span class='ocrx_word' id='word_1_58' title='bbox 824 1046 853 1091; x_wconf 92' lang='lat' dir='ltr'>ut</span> <span class='ocrx_word' id='word_1_59' title='bbox 869 1052 912 1092; x_wconf 91' lang='lat' dir='ltr'>res</span> <span class='ocrx_word' id='word_1_60' title='bbox 932 1053 998 1094; x_wconf 89' lang='lat' dir='ltr'>san·</span> 
     </span>
     <span class='ocr_line' id='line_1_11' title="bbox 206 1128 999 1197; baseline -0.004 -11"><span class='ocrx_word' id='word_1_61' title='bbox 206 1140 254 1187; x_wconf 84' lang='lat' dir='ltr'>ets</span> <span class='ocrx_word' id='word_1_62' title='bbox 279 1130 403 1182; x_wconf 85' lang='lat' dir='ltr'>rideatur</span> <span class='ocrx_word' id='word_1_63' title='bbox 420 1141 481 1182; x_wconf 90' lang='lat' dir='ltr'>cssc</span> <span class='ocrx_word' id='word_1_64' title='bbox 512 1142 564 1181; x_wconf 93' lang='lat' dir='ltr'>non</span> <span class='ocrx_word' id='word_1_65' title='bbox 585 1137 692 1191; x_wconf 86' lang='lat' dir='ltr'>sancta,</span> <span class='ocrx_word' id='word_1_66' title='bbox 707 1141 769 1182; x_wconf 85' lang='lat' dir='ltr'>cunt</span> <span class='ocrx_word' id='word_1_67' title='bbox 785 1144 840 1182; x_wconf 87' lang='grc' dir='ltr'>ιιοιι</span> <span class='ocrx_word' id='word_1_68' title='bbox 859 1128 999 1197; x_wconf 82' lang='lat' dir='ltr'>perducitur</span> 
     </span>
     <span class='ocr_line' id='line_1_12' title="bbox 207 1218 1000 1292; baseline -0.004 -14"><span class='ocrx_word' id='word_1_69' title='bbox 207 1230 315 1278; x_wconf 71' lang='lat' dir='ltr'>nnete.</span> <span class='ocrx_word' id='word_1_70' title='bbox 335 1221 413 1277; x_wconf 85' lang='lat' dir='ltr'>Unde</span> <span class='ocrx_word' id='word_1_71' title='bbox 429 1221 551 1276; x_wconf 88' lang='lat' dir='ltr'>dicitur:</span> <span class='ocrx_word' id='word_1_72' title='bbox 575 1219 748 1285; x_wconf 70' lang='lat' dir='ltr'>Sanctificate</span> <span class='ocrx_word' id='word_1_73' title='bbox 770 1220 905 1288; x_wconf 72' lang='lat' dir='ltr'>ieiunium</span> <span class='ocrx_word' id='word_1_74' title='bbox 928 1218 1000 1292; x_wconf 70' lang='lat' dir='ltr'>(loci</span> 
     </span>
     <span class='ocr_line' id='line_1_13' title="bbox 208 1308 911 1382; baseline -0.011 -13"><span class='ocrx_word' id='word_1_75' title='bbox 208 1329 231 1380; x_wconf 92' lang='lat' dir='ltr'>t,</span> <span class='ocrx_word' id='word_1_76' title='bbox 243 1314 300 1382; x_wconf 84' lang='lat' dir='ltr'>ll),</span> <span class='ocrx_word' id='word_1_77' title='bbox 312 1315 338 1366; x_wconf 93' lang='lat' dir='ltr'>ld</span> <span class='ocrx_word' id='word_1_78' title='bbox 352 1321 406 1376; x_wconf 88' lang='lat' dir='ltr'>est,</span> <span class='ocrx_word' id='word_1_79' title='bbox 423 1321 549 1365; x_wconf 81' lang='lat' dir='ltr'>sarnetum</span> <span class='ocrx_word' id='word_1_80' title='bbox 570 1308 661 1374; x_wconf 90' lang='lat' dir='ltr'>laeite,</span> <span class='ocrx_word' id='word_1_81' title='bbox 675 1309 734 1362; x_wconf 87' lang='lat' dir='ltr'>siue</span> <span class='ocrx_word' id='word_1_82' title='bbox 749 1317 911 1362; x_wconf 90' lang='lat' dir='ltr'>monstrate.</span> 
     </span>
    </p>

    <p class='ocr_par' dir='ltr' id='par_1_7' title="bbox 209 1399 1002 1945">
     <span class='ocr_line' id='line_1_14' title="bbox 248 1399 1000 1472; baseline -0.007 -13"><span class='ocrx_word' id='word_1_83' title='bbox 248 1423 259 1459; x_wconf 84' lang='grc' dir='ltr'>ι</span> <span class='ocrx_word' id='word_1_84' title='bbox 279 1403 373 1460; x_wconf 75' lang='lat' dir='ltr'>Undat</span> <span class='ocrx_word' id='word_1_85' title='bbox 389 1403 491 1457; x_wconf 83' lang='lat' dir='ltr'>ublauo</span> <span class='ocrx_word' id='word_1_86' title='bbox 508 1403 630 1472; x_wconf 88' lang='lat' dir='ltr'>gentium</span> <span class='ocrx_word' id='word_1_87' title='bbox 646 1409 769 1470; x_wconf 88' lang='lat' dir='ltr'>accepta,</span> <span class='ocrx_word' id='word_1_88' title='bbox 788 1408 815 1454; x_wconf 90' lang='lat' dir='ltr'>ct</span> <span class='ocrx_word' id='word_1_89' title='bbox 829 1399 1000 1454; x_wconf 81' lang='lat' dir='ltr'>sarrctilrcata</span> 
     </span>
     <span class='ocr_line' id='line_1_15' title="bbox 210 1489 1000 1566; baseline -0.011 -13"><span class='ocrx_word' id='word_1_90' title='bbox 210 1498 239 1553; x_wconf 88' lang='lat' dir='ltr'>in</span> <span class='ocrx_word' id='word_1_91' title='bbox 255 1497 357 1566; x_wconf 78' lang='lat' dir='ltr'>Spiritu</span> <span class='ocrx_word' id='word_1_92' title='bbox 382 1505 514 1550; x_wconf 78' lang='lat' dir='ltr'>sanctor</span> <span class='ocrx_word' id='word_1_93' title='bbox 535 1489 571 1548; x_wconf 90' lang='lat' dir='ltr'>Ut</span> <span class='ocrx_word' id='word_1_94' title='bbox 590 1493 716 1558; x_wconf 77' lang='lat' dir='ltr'>exemplo</span> <span class='ocrx_word' id='word_1_95' title='bbox 737 1507 798 1546; x_wconf 91' lang='lat' dir='ltr'>meo</span> <span class='ocrx_word' id='word_1_96' title='bbox 824 1500 920 1561; x_wconf 88' lang='lat' dir='ltr'>gentes</span> <span class='ocrx_word' id='word_1_97' title='bbox 942 1491 1000 1545; x_wconf 87' lang='lat' dir='ltr'>elli·</span> 
     </span>
     <span class='ocr_line' id='line_1_16' title="bbox 210 1583 1001 1655; baseline -0.01 -11"><span class='ocrx_word' id='word_1_98' title='bbox 210 1588 420 1644; x_wconf 88' lang='lat' dir='ltr'>cianturbostia</span> <span class='ocrx_word' id='word_1_99' title='bbox 435 1584 489 1641; x_wconf 77' lang='lat' dir='ltr'>neo</span> <span class='ocrx_word' id='word_1_100' title='bbox 505 1593 627 1653; x_wconf 87' lang='lat' dir='ltr'>accepta,</span> <span class='ocrx_word' id='word_1_101' title='bbox 657 1599 709 1638; x_wconf 90' lang='lat' dir='ltr'>non</span> <span class='ocrx_word' id='word_1_102' title='bbox 748 1584 805 1655; x_wconf 87' lang='lat' dir='ltr'>igni</span> <span class='ocrx_word' id='word_1_103' title='bbox 831 1583 1001 1639; x_wconf 80' lang='lat' dir='ltr'>sanctificata</span> 
     </span>
     <span class='ocr_line' id='line_1_17' title="bbox 209 1676 999 1750; baseline -0.016 -9"><span class='ocrx_word' id='word_1_104' title='bbox 209 1684 404 1750; x_wconf 79' lang='lat' dir='ltr'>nelrnscepta,</span> <span class='ocrx_word' id='word_1_105' title='bbox 420 1681 468 1735; x_wconf 90' lang='lat' dir='ltr'>sed</span> <span class='ocrx_word' id='word_1_106' title='bbox 493 1677 597 1748; x_wconf 84' lang='lat' dir='ltr'>Spiritu</span> <span class='ocrx_word' id='word_1_107' title='bbox 616 1683 715 1732; x_wconf 88' lang='lat' dir='ltr'>sancto</span> <span class='ocrx_word' id='word_1_108' title='bbox 735 1692 742 1729; x_wconf 91' lang='lat'><strong>:</strong></span> <span class='ocrx_word' id='word_1_109' title='bbox 761 1677 834 1730; x_wconf 88' lang='lat' dir='ltr'>sicut</span> <span class='ocrx_word' id='word_1_110' title='bbox 864 1676 999 1745; x_wconf 85' lang='lat' dir='ltr'>scriptum</span> 
     </span>
     <span class='ocr_line' id='line_1_18' title="bbox 209 1765 1002 1840; baseline -0.014 -9"><span class='ocrx_word' id='word_1_111' title='bbox 209 1784 254 1831; x_wconf 89' lang='lat' dir='ltr'>est</span> <span class='ocrx_word' id='word_1_112' title='bbox 267 1774 355 1840; x_wconf 78' lang='lat' dir='ltr'>:Quia</span> <span class='ocrx_word' id='word_1_113' title='bbox 367 1771 438 1827; x_wconf 90' lang='lat' dir='ltr'>sedit</span> <span class='ocrx_word' id='word_1_114' title='bbox 451 1785 534 1838; x_wconf 89' lang='lat' dir='ltr'>super</span> <span class='ocrx_word' id='word_1_115' title='bbox 544 1767 688 1838; x_wconf 71' lang='lat' dir='ltr'>apiostolus</span> <span class='ocrx_word' id='word_1_116' title='bbox 702 1765 780 1836; x_wconf 82' lang='lat' dir='ltr'><strong>quasi</strong></span> <span class='ocrx_word' id='word_1_117' title='bbox 797 1765 879 1836; x_wconf 87' lang='lat' dir='ltr'>ignis,</span> <span class='ocrx_word' id='word_1_118' title='bbox 893 1775 920 1820; x_wconf 87' lang='lat' dir='ltr'>st</span> <span class='ocrx_word' id='word_1_119' title='bbox 936 1765 1002 1822; x_wconf 79' lang='lat' dir='ltr'>uisae</span> 
     </span>
     <span class='ocr_line' id='line_1_19' title="bbox 209 1857 746 1945; baseline -0.02 -23"><span class='ocrx_word' id='word_1_120' title='bbox 209 1874 278 1923; x_wconf 84' lang='lat' dir='ltr'>suot</span> <span class='ocrx_word' id='word_1_121' title='bbox 293 1866 333 1921; x_wconf 91' lang='lat' dir='ltr'>eis</span> <span class='ocrx_word' id='word_1_122' title='bbox 355 1862 550 1945; x_wconf 66' lang='lat' dir='ltr'>rariaelingua</span> <span class='ocrx_word' id='word_1_123' title='bbox 567 1859 638 1928; x_wconf 78' lang='lat' dir='ltr'>(det.</span> <span class='ocrx_word' id='word_1_124' title='bbox 661 1871 691 1923; x_wconf 89' lang='lat' dir='ltr'>rr,</span> <span class='ocrx_word' id='word_1_125' title='bbox 706 1857 746 1926; x_wconf 72' lang='lat' dir='ltr'>b).</span> 
     </span>
    </p>

    <p class='ocr_par' dir='ltr' id='par_1_8' title="bbox 210 1946 1004 2294">
     <span class='ocr_line' id='line_1_20' title="bbox 251 1946 999 2026; baseline -0.015 -14"><span class='ocrx_word' id='word_1_126' title='bbox 251 1979 261 2012; x_wconf 87' lang='grc' dir='ltr'>ι</span> <span class='ocrx_word' id='word_1_127' title='bbox 279 1958 371 2014; x_wconf 87' lang='lat' dir='ltr'>llabco</span> <span class='ocrx_word' id='word_1_128' title='bbox 386 1953 590 2026; x_wconf 85' lang='lat' dir='ltr'>igiturgloriam</span> <span class='ocrx_word' id='word_1_129' title='bbox 601 1950 628 2005; x_wconf 91' lang='lat' dir='ltr'>in</span> <span class='ocrx_word' id='word_1_130' title='bbox 640 1946 824 2005; x_wconf 78' lang='lat' dir='ltr'>Christolesu</span> <span class='ocrx_word' id='word_1_131' title='bbox 840 1949 872 2004; x_wconf 89' lang='lat' dir='ltr'>ad</span> <span class='ocrx_word' id='word_1_132' title='bbox 888 1948 999 2005; x_wconf 70' lang='lat' dir='ltr'>boumn</span> 
     </span>
     <span class='ocr_line' id='line_1_21' title="bbox 211 2041 1002 2121; baseline -0.009 -15"><span class='ocrx_word' id='word_1_133' title='bbox 211 2051 267 2120; x_wconf 80' lang='lat' dir='ltr'>Qui</span> <span class='ocrx_word' id='word_1_134' title='bbox 279 2050 423 2121; x_wconf 76' lang='lat' dir='ltr'>gloriatur,</span> <span class='ocrx_word' id='word_1_135' title='bbox 448 2048 476 2100; x_wconf 88' lang='lat' dir='ltr'>in</span> <span class='ocrx_word' id='word_1_136' title='bbox 491 2045 604 2099; x_wconf 86' lang='lat' dir='ltr'>Doruirro</span> <span class='ocrx_word' id='word_1_137' title='bbox 631 2042 760 2113; x_wconf 77' lang='lat' dir='ltr'>glorietur</span> <span class='ocrx_word' id='word_1_138' title='bbox 787 2041 812 2114; x_wconf 87' lang='lat' dir='ltr'>(l</span> <span class='ocrx_word' id='word_1_139' title='bbox 825 2041 888 2097; x_wconf 81' lang='lat' dir='ltr'>Gor.</span> <span class='ocrx_word' id='word_1_140' title='bbox 905 2059 923 2108; x_wconf 90' lang='lat' dir='ltr'>r,</span> <span class='ocrx_word' id='word_1_141' title='bbox 944 2043 1002 2113; x_wconf 68' lang='lat' dir='ltr'>bl).</span> 
     </span>
     <span class='ocr_line' id='line_1_22' title="bbox 210 2132 1004 2206; baseline -0.015 -7"><span class='ocrx_word' id='word_1_142' title='bbox 210 2141 334 2199; x_wconf 78' lang='lat' dir='ltr'><strong>Gloriam</strong></span> <span class='ocrx_word' id='word_1_143' title='bbox 364 2139 451 2193; x_wconf 89' lang='lat' dir='ltr'>babeo</span> <span class='ocrx_word' id='word_1_144' title='bbox 480 2139 551 2206; x_wconf 89' lang='lat' dir='ltr'>apud</span> <span class='ocrx_word' id='word_1_145' title='bbox 569 2134 666 2200; x_wconf 85' lang='lat' dir='ltr'>llcurrr,</span> <span class='ocrx_word' id='word_1_146' title='bbox 685 2133 749 2187; x_wconf 90' lang='lat' dir='ltr'>licet</span> <span class='ocrx_word' id='word_1_147' title='bbox 780 2132 850 2202; x_wconf 92' lang='lat' dir='ltr'>apud</span> <span class='ocrx_word' id='word_1_148' title='bbox 879 2132 1004 2189; x_wconf 86' lang='lat' dir='ltr'>boudnes</span> 
     </span>
     <span class='ocr_line' id='line_1_23' title="bbox 210 2230 576 2294; baseline -0.019 -1"><span class='ocrx_word' id='word_1_149' title='bbox 210 2230 525 2294; x_wconf 73' lang='grc' dir='ltr'>ἱιιῐιιιιιιιιιιιιιιιιιιιιἸ</span> <span class='ocrx_word' id='word_1_150' title='bbox 573 2281 576 2286; x_wconf 93' lang='grc'>.</span> 
     </span>
    </p>

    <p class='ocr_par' dir='ltr' id='par_1_9' title="bbox 212 2321 1009 2941">
     <span class='ocr_line' id='line_1_24' title="bbox 251 2321 1005 2394; baseline -0.011 -11"><span class='ocrx_word' id='word_1_151' title='bbox 251 2348 263 2383; x_wconf 87' lang='grc' dir='ltr'>ι</span> <span class='ocrx_word' id='word_1_152' title='bbox 280 2327 339 2384; x_wconf 86' lang='lat' dir='ltr'>llon</span> <span class='ocrx_word' id='word_1_153' title='bbox 356 2329 427 2381; x_wconf 89' lang='lat' dir='ltr'>euim</span> <span class='ocrx_word' id='word_1_154' title='bbox 444 2326 533 2380; x_wconf 91' lang='lat' dir='ltr'>audeo</span> <span class='ocrx_word' id='word_1_155' title='bbox 548 2323 652 2394; x_wconf 84' lang='lat' dir='ltr'>aliquid</span> <span class='ocrx_word' id='word_1_156' title='bbox 666 2321 741 2394; x_wconf 85' lang='lat' dir='ltr'>loqui</span> <span class='ocrx_word' id='word_1_157' title='bbox 754 2335 861 2386; x_wconf 85' lang='lat' dir='ltr'>eornm.</span> <span class='ocrx_word' id='word_1_158' title='bbox 879 2336 941 2391; x_wconf 77' lang='lat' dir='ltr'>quae</span> <span class='ocrx_word' id='word_1_159' title='bbox 955 2335 1005 2392; x_wconf 89' lang='lat' dir='ltr'>per</span> 
     </span>
     <span class='ocr_line' id='line_1_25' title="bbox 213 2415 1005 2487; baseline -0.014 -6"><span class='ocrx_word' id='word_1_160' title='bbox 213 2441 260 2481; x_wconf 86' lang='lat' dir='ltr'>nte</span> <span class='ocrx_word' id='word_1_161' title='bbox 273 2422 355 2479; x_wconf 82' lang='lat' dir='ltr'>elficit</span> <span class='ocrx_word' id='word_1_162' title='bbox 370 2421 508 2487; x_wconf 70' lang='lat' dir='ltr'>cbristus,</span> <span class='ocrx_word' id='word_1_163' title='bbox 526 2418 553 2472; x_wconf 92' lang='lat' dir='ltr'>in</span> <span class='ocrx_word' id='word_1_164' title='bbox 569 2416 757 2472; x_wconf 74' lang='lat' dir='ltr'>obedientiam</span> <span class='ocrx_word' id='word_1_165' title='bbox 773 2417 909 2485; x_wconf 85' lang='lat' dir='ltr'>gentium.</span> <span class='ocrx_word' id='word_1_166' title='bbox 925 2433 935 2467; x_wconf 87' lang='grc' dir='ltr'>ι</span> <span class='ocrx_word' id='word_1_167' title='bbox 955 2415 1005 2470; x_wconf 91' lang='lat' dir='ltr'>llic</span> 
     </span>
     <span class='ocr_line' id='line_1_26' title="bbox 213 2509 1007 2580; baseline -0.011 -8"><span class='ocrx_word' id='word_1_168' title='bbox 213 2514 337 2573; x_wconf 88' lang='lat' dir='ltr'>ostendit</span> <span class='ocrx_word' id='word_1_169' title='bbox 350 2512 451 2569; x_wconf 79' lang='lat' dir='ltr'><strong>Christi</strong></span> <span class='ocrx_word' id='word_1_170' title='bbox 463 2521 492 2577; x_wconf 86' lang='lat' dir='ltr'>et</span> <span class='ocrx_word' id='word_1_171' title='bbox 506 2510 628 2580; x_wconf 77' lang='lat' dir='ltr'>Spiritus</span> <span class='ocrx_word' id='word_1_172' title='bbox 655 2509 754 2574; x_wconf 86' lang='lat' dir='ltr'>sarrcti,</span> <span class='ocrx_word' id='word_1_173' title='bbox 775 2525 856 2563; x_wconf 81' lang='lat' dir='ltr'>urrann</span> <span class='ocrx_word' id='word_1_174' title='bbox 870 2523 933 2564; x_wconf 88' lang='lat' dir='ltr'>esse</span> <span class='ocrx_word' id='word_1_175' title='bbox 960 2522 1007 2576; x_wconf 84' lang='lat' dir='ltr'>po·</span> 
     </span>
     <span class='ocr_line' id='line_1_27' title="bbox 216 2600 1007 2676; baseline -0.015 -11"><span class='ocrx_word' id='word_1_176' title='bbox 216 2611 332 2666; x_wconf 87' lang='lat' dir='ltr'>tentiam</span> <span class='ocrx_word' id='word_1_177' title='bbox 349 2616 431 2676; x_wconf 82' lang='lat' dir='ltr'>atque</span> <span class='ocrx_word' id='word_1_178' title='bbox 445 2606 588 2659; x_wconf 72' lang='lat' dir='ltr'>virtutem.</span> <span class='ocrx_word' id='word_1_179' title='bbox 611 2600 677 2656; x_wconf 79' lang='lat' dir='ltr'>luens</span> <span class='ocrx_word' id='word_1_180' title='bbox 697 2617 750 2656; x_wconf 87' lang='lat' dir='ltr'>non</span> <span class='ocrx_word' id='word_1_181' title='bbox 769 2615 854 2656; x_wconf 89' lang='lat' dir='ltr'>ausus</span> <span class='ocrx_word' id='word_1_182' title='bbox 867 2616 927 2655; x_wconf 90' lang='lat' dir='ltr'>sum</span> <span class='ocrx_word' id='word_1_183' title='bbox 956 2600 1007 2654; x_wconf 91' lang='lat' dir='ltr'>ali·</span> 
     </span>
     <span class='ocr_line' id='line_1_28' title="bbox 219 2695 1009 2773; baseline -0.01 -17"><span class='ocrx_word' id='word_1_184' title='bbox 219 2701 286 2773; x_wconf 82' lang='lat' dir='ltr'>quid</span> <span class='ocrx_word' id='word_1_185' title='bbox 307 2700 397 2754; x_wconf 80' lang='lat' dir='ltr'>dicere</span> <span class='ocrx_word' id='word_1_186' title='bbox 411 2712 454 2752; x_wconf 90' lang='lat' dir='ltr'>me</span> <span class='ocrx_word' id='word_1_187' title='bbox 475 2700 503 2750; x_wconf 90' lang='lat' dir='ltr'>in</span> <span class='ocrx_word' id='word_1_188' title='bbox 518 2696 562 2751; x_wconf 93' lang='lat' dir='ltr'>bis</span> <span class='ocrx_word' id='word_1_189' title='bbox 575 2696 708 2751; x_wconf 81' lang='lat' dir='ltr'>duntaxat</span> <span class='ocrx_word' id='word_1_190' title='bbox 725 2695 807 2750; x_wconf 91' lang='lat' dir='ltr'>rebus</span> <span class='ocrx_word' id='word_1_191' title='bbox 820 2696 929 2765; x_wconf 88' lang='lat' dir='ltr'>propria</span> <span class='ocrx_word' id='word_1_192' title='bbox 953 2695 1009 2749; x_wconf 85' lang='lat' dir='ltr'>rir-</span> 
     </span>
     <span class='ocr_line' id='line_1_29' title="bbox 212 2787 1008 2858; baseline -0.011 -8"><span class='ocrx_word' id='word_1_193' title='bbox 212 2801 277 2850; x_wconf 82' lang='lat' dir='ltr'>snte</span> <span class='ocrx_word' id='word_1_194' title='bbox 288 2791 397 2856; x_wconf 87' lang='lat' dir='ltr'>iecisse,</span> <span class='ocrx_word' id='word_1_195' title='bbox 412 2798 440 2845; x_wconf 87' lang='lat' dir='ltr'>et</span> <span class='ocrx_word' id='word_1_196' title='bbox 452 2802 508 2843; x_wconf 88' lang='grc' dir='ltr'>ιιοιι</span> <span class='ocrx_word' id='word_1_197' title='bbox 523 2789 616 2843; x_wconf 84' lang='lat' dir='ltr'>uruma</span> <span class='ocrx_word' id='word_1_198' title='bbox 631 2804 680 2858; x_wconf 91' lang='lat' dir='ltr'>per</span> <span class='ocrx_word' id='word_1_199' title='bbox 692 2802 735 2844; x_wconf 91' lang='lat' dir='ltr'>me</span> <span class='ocrx_word' id='word_1_200' title='bbox 751 2800 813 2842; x_wconf 87' lang='lat' dir='ltr'>esse</span> <span class='ocrx_word' id='word_1_201' title='bbox 826 2787 910 2842; x_wconf 81' lang='lat' dir='ltr'>lleunr</span> <span class='ocrx_word' id='word_1_202' title='bbox 942 2801 1008 2857; x_wconf 86' lang='lat' dir='ltr'>ope-</span> 
     </span>
     <span class='ocr_line' id='line_1_30' title="bbox 217 2894 320 2941; baseline -0.01 0"><span class='ocrx_word' id='word_1_203' title='bbox 217 2894 320 2941; x_wconf 87' lang='lat' dir='ltr'>ratum.</span> 
     </span>
    </p>

    <p class='ocr_par' dir='ltr' id='par_1_10' title="bbox 211 2971 1008 3231">
     <span class='ocr_line' id='line_1_31' title="bbox 259 2971 1008 3042; baseline -0.004 -15"><span class='ocrx_word' id='word_1_204' title='bbox 259 2975 311 3031; x_wconf 89' lang='lat' dir='ltr'>rln</span> <span class='ocrx_word' id='word_1_205' title='bbox 325 2977 409 3032; x_wconf 78' lang='lat' dir='ltr'>verbo</span> <span class='ocrx_word' id='word_1_206' title='bbox 423 2983 452 3029; x_wconf 91' lang='lat' dir='ltr'>et</span> <span class='ocrx_word' id='word_1_207' title='bbox 466 2972 560 3039; x_wconf 83' lang='lat' dir='ltr'>lactis,</span> <span class='ocrx_word' id='word_1_208' title='bbox 577 2974 604 3027; x_wconf 91' lang='lat' dir='ltr'>in</span> <span class='ocrx_word' id='word_1_209' title='bbox 618 2971 719 3026; x_wconf 83' lang='lat' dir='ltr'>uirtute</span> <span class='ocrx_word' id='word_1_210' title='bbox 732 2972 872 3042; x_wconf 87' lang='lat' dir='ltr'>signorum</span> <span class='ocrx_word' id='word_1_211' title='bbox 901 2977 930 3024; x_wconf 89' lang='lat' dir='ltr'>et</span> <span class='ocrx_word' id='word_1_212' title='bbox 946 2982 1008 3039; x_wconf 86' lang='lat' dir='ltr'>pro-</span> 
     </span>
     <span class='ocr_line' id='line_1_32' title="bbox 211 3059 1007 3139; baseline -0.013 -17"><span class='ocrx_word' id='word_1_213' title='bbox 211 3065 367 3139; x_wconf 84' lang='lat' dir='ltr'>digiorum.</span> <span class='ocrx_word' id='word_1_214' title='bbox 384 3085 393 3118; x_wconf 88' lang='grc' dir='ltr'>ι</span> <span class='ocrx_word' id='word_1_215' title='bbox 410 3067 467 3122; x_wconf 89' lang='lat' dir='ltr'>lloc</span> <span class='ocrx_word' id='word_1_216' title='bbox 482 3077 525 3121; x_wconf 88' lang='lat' dir='ltr'>est</span> <span class='ocrx_word' id='word_1_217' title='bbox 537 3064 663 3121; x_wconf 91' lang='lat' dir='ltr'>doctrina</span> <span class='ocrx_word' id='word_1_218' title='bbox 678 3074 705 3117; x_wconf 91' lang='lat' dir='ltr'>ct</span> <span class='ocrx_word' id='word_1_219' title='bbox 722 3062 819 3132; x_wconf 85' lang='lat' dir='ltr'>signis.</span> <span class='ocrx_word' id='word_1_220' title='bbox 844 3059 904 3116; x_wconf 87' lang='lat' dir='ltr'>lion</span> <span class='ocrx_word' id='word_1_221' title='bbox 932 3061 1007 3115; x_wconf 88' lang='lat' dir='ltr'>enim</span> 
     </span>
     <span class='ocr_line' id='line_1_33' title="bbox 213 3153 928 3231; baseline -0.015 -14"><span class='ocrx_word' id='word_1_222' title='bbox 213 3160 253 3217; x_wconf 82' lang='lat' dir='ltr'>ue</span> <span class='ocrx_word' id='word_1_223' title='bbox 265 3161 393 3231; x_wconf 80' lang='lat' dir='ltr'>operibus</span> <span class='ocrx_word' id='word_1_224' title='bbox 413 3161 466 3224; x_wconf 92' lang='lat' dir='ltr'>bic,</span> <span class='ocrx_word' id='word_1_225' title='bbox 481 3159 527 3215; x_wconf 90' lang='lat' dir='ltr'>scd</span> <span class='ocrx_word' id='word_1_226' title='bbox 547 3158 580 3211; x_wconf 96' lang='lat' dir='ltr'>de</span> <span class='ocrx_word' id='word_1_227' title='bbox 592 3157 738 3211; x_wconf 78' lang='lat' dir='ltr'>uirtutibus</span> <span class='ocrx_word' id='word_1_228' title='bbox 755 3153 928 3223; x_wconf 74' lang='lat' dir='ltr'>loquebatur.</span> 
     </span>
    </p>
   </div>
   <div class='ocr_carea' id='block_1_6' title="bbox 1052 573 1841 831">
    <p class='ocr_par' dir='ltr' id='par_1_11' title="bbox 1052 573 1841 831">
     <span class='ocr_line' id='line_1_34' title="bbox 1052 573 1840 648; baseline 0.006 -20"><span class='ocrx_word' id='word_1_229' title='bbox 1052 573 1267 641; x_wconf 77' lang='lat' dir='ltr'>Ettd&#39;etrcupiuit</span> <span class='ocrx_word' id='word_1_230' title='bbox 1284 575 1374 628; x_wconf 76' lang='lat' dir='ltr'>utrinam</span> <span class='ocrx_word' id='word_1_231' title='bbox 1394 591 1451 628; x_wconf 85' lang='lat' dir='ltr'>rnen</span> <span class='ocrx_word' id='word_1_232' title='bbox 1466 575 1619 632; x_wconf 78' lang='lat' dir='ltr'>desiderare</span> <span class='ocrx_word' id='word_1_233' title='bbox 1631 579 1840 648; x_wconf 59' lang='lat' dir='ltr'>interspirationis</span> 
     </span>
     <span class='ocr_line' id='line_1_35' title="bbox 1052 666 1418 736; baseline 0.005 -16"><span class='ocrx_word' id='word_1_234' title='bbox 1052 674 1113 720; x_wconf 86' lang='lat' dir='ltr'>tuor</span> <span class='ocrx_word' id='word_1_235' title='bbox 1130 666 1216 736; x_wconf 79' lang='lat' dir='ltr'>(Paul.</span> <span class='ocrx_word' id='word_1_236' title='bbox 1235 682 1329 732; x_wconf 79' lang='lat' dir='ltr'>currat,</span> <span class='ocrx_word' id='word_1_237' title='bbox 1344 668 1418 736; x_wconf 72' lang='lat' dir='ltr'>lab).</span> 
     </span>
     <span class='ocr_line' id='line_1_36' title="bbox 1089 758 1841 831; baseline 0.016 -22"><span class='ocrx_word' id='word_1_238' title='bbox 1089 776 1099 809; x_wconf 85' lang='lat' dir='ltr'>r</span> <span class='ocrx_word' id='word_1_239' title='bbox 1117 758 1157 812; x_wconf 82' lang='lat' dir='ltr'>Er</span> <span class='ocrx_word' id='word_1_240' title='bbox 1183 759 1277 815; x_wconf 80' lang='lat' dir='ltr'>mobis</span> <span class='ocrx_word' id='word_1_241' title='bbox 1293 760 1350 830; x_wconf 83' lang='lat' dir='ltr'>jaun</span> <span class='ocrx_word' id='word_1_242' title='bbox 1366 761 1588 830; x_wconf 66' lang='lat' dir='ltr'>praecedentibus</span> <span class='ocrx_word' id='word_1_243' title='bbox 1603 764 1691 820; x_wconf 84' lang='lat' dir='ltr'>annis.</span> <span class='ocrx_word' id='word_1_244' title='bbox 1709 784 1719 817; x_wconf 85' lang='grc' dir='ltr'>ι</span> <span class='ocrx_word' id='word_1_245' title='bbox 1748 765 1841 831; x_wconf 82' lang='lat' dir='ltr'>Qualis</span> 
     </span>
    </p>
   </div>
   <div class='ocr_carea' id='block_1_7' title="bbox 1052 851 1844 999">
    <p class='ocr_par' dir='ltr' id='par_1_12' title="bbox 1052 851 1844 999">
     <span class='ocr_line' id='line_1_37' title="bbox 1052 851 1844 924; baseline 0.008 -20"><span class='ocrx_word' id='word_1_246' title='bbox 1052 851 1200 906; x_wconf 74' lang='lat' dir='ltr'>necessitas</span> <span class='ocrx_word' id='word_1_247' title='bbox 1219 851 1301 907; x_wconf 88' lang='lat' dir='ltr'>luerit</span> <span class='ocrx_word' id='word_1_248' title='bbox 1314 855 1445 919; x_wconf 88' lang='lat' dir='ltr'>ostendit,</span> <span class='ocrx_word' id='word_1_249' title='bbox 1463 869 1523 924; x_wconf 76' lang='lat' dir='ltr'>nure</span> <span class='ocrx_word' id='word_1_250' title='bbox 1538 854 1614 908; x_wconf 82' lang='lat' dir='ltr'>illunn</span> <span class='ocrx_word' id='word_1_251' title='bbox 1626 858 1721 911; x_wconf 82' lang='lat' dir='ltr'>irruitis</span> <span class='ocrx_word' id='word_1_252' title='bbox 1735 857 1844 912; x_wconf 89' lang='lat' dir='ltr'>detine·</span> 
     </span>
     <span class='ocr_line' id='line_1_38' title="bbox 1052 944 1199 999; baseline 0.014 -2"><span class='ocrx_word' id='word_1_253' title='bbox 1052 951 1095 997; x_wconf 88' lang='lat' dir='ltr'>ret</span> <span class='ocrx_word' id='word_1_254' title='bbox 1108 944 1199 999; x_wconf 84' lang='lat' dir='ltr'>antris.</span> 
     </span>
    </p>
   </div>
   <div class='ocr_carea' id='block_1_8' title="bbox 1052 1032 1849 1844">
    <p class='ocr_par' dir='ltr' id='par_1_13' title="bbox 1052 1032 1845 1283">
     <span class='ocr_line' id='line_1_39' title="bbox 1091 1032 1844 1108; baseline 0.013 -23"><span class='ocrx_word' id='word_1_255' title='bbox 1091 1035 1183 1088; x_wconf 75' lang='lat' dir='ltr'>tcum</span> <span class='ocrx_word' id='word_1_256' title='bbox 1208 1034 1234 1087; x_wconf 93' lang='lat' dir='ltr'>in</span> <span class='ocrx_word' id='word_1_257' title='bbox 1258 1032 1416 1103; x_wconf 80' lang='lat' dir='ltr'>Hispaniam</span> <span class='ocrx_word' id='word_1_258' title='bbox 1445 1035 1581 1105; x_wconf 87' lang='lat' dir='ltr'>prodeisci</span> <span class='ocrx_word' id='word_1_259' title='bbox 1611 1051 1730 1106; x_wconf 76' lang='lat' dir='ltr'>crepero,</span> <span class='ocrx_word' id='word_1_260' title='bbox 1762 1053 1844 1108; x_wconf 73' lang='lat' dir='ltr'>spreto</span> 
     </span>
     <span class='ocr_line' id='line_1_40' title="bbox 1052 1127 1845 1202; baseline 0.009 -22"><span class='ocrx_word' id='word_1_261' title='bbox 1052 1127 1125 1196; x_wconf 82' lang='lat' dir='ltr'>quod</span> <span class='ocrx_word' id='word_1_262' title='bbox 1146 1130 1304 1198; x_wconf 80' lang='lat' dir='ltr'>praeteriens</span> <span class='ocrx_word' id='word_1_263' title='bbox 1322 1129 1428 1184; x_wconf 83' lang='lat' dir='ltr'>rideam</span> <span class='ocrx_word' id='word_1_264' title='bbox 1443 1145 1502 1185; x_wconf 85' lang='lat' dir='ltr'>uos.</span> <span class='ocrx_word' id='word_1_265' title='bbox 1520 1149 1530 1181; x_wconf 84' lang='grc' dir='ltr'>ι</span> <span class='ocrx_word' id='word_1_266' title='bbox 1561 1129 1656 1184; x_wconf 90' lang='lat' dir='ltr'>Utrum</span> <span class='ocrx_word' id='word_1_267' title='bbox 1673 1132 1699 1185; x_wconf 91' lang='lat' dir='ltr'>in</span> <span class='ocrx_word' id='word_1_268' title='bbox 1714 1131 1845 1202; x_wconf 81' lang='lat' dir='ltr'>llispauia</span> 
     </span>
     <span class='ocr_line' id='line_1_41' title="bbox 1054 1218 1439 1283; baseline 0.008 -10"><span class='ocrx_word' id='word_1_269' title='bbox 1054 1218 1148 1283; x_wconf 88' lang='lat' dir='ltr'>luerit,</span> <span class='ocrx_word' id='word_1_270' title='bbox 1165 1220 1300 1274; x_wconf 90' lang='lat' dir='ltr'>incertum</span> <span class='ocrx_word' id='word_1_271' title='bbox 1313 1219 1439 1276; x_wconf 89' lang='lat' dir='ltr'>babetur.</span> 
     </span>
    </p>

    <p class='ocr_par' dir='ltr' id='par_1_14' title="bbox 1054 1311 1849 1844">
     <span class='ocr_line' id='line_1_42' title="bbox 1092 1311 1845 1387; baseline 0.019 -24"><span class='ocrx_word' id='word_1_272' title='bbox 1092 1311 1149 1365; x_wconf 77' lang='lat' dir='ltr'>«lit</span> <span class='ocrx_word' id='word_1_273' title='bbox 1171 1327 1185 1365; x_wconf 90' lang='lat' dir='ltr'>a</span> <span class='ocrx_word' id='word_1_274' title='bbox 1213 1314 1290 1368; x_wconf 80' lang='lat' dir='ltr'>robis</span> <span class='ocrx_word' id='word_1_275' title='bbox 1310 1313 1429 1369; x_wconf 89' lang='lat' dir='ltr'>deducar</span> <span class='ocrx_word' id='word_1_276' title='bbox 1452 1314 1524 1379; x_wconf 91' lang='lat' dir='ltr'>illuc,</span> <span class='ocrx_word' id='word_1_277' title='bbox 1549 1316 1571 1370; x_wconf 90' lang='lat' dir='ltr'>si</span> <span class='ocrx_word' id='word_1_278' title='bbox 1589 1317 1665 1371; x_wconf 84' lang='lat' dir='ltr'>vobis</span> <span class='ocrx_word' id='word_1_279' title='bbox 1682 1317 1797 1387; x_wconf 89' lang='lat' dir='ltr'>primum</span> <span class='ocrx_word' id='word_1_280' title='bbox 1810 1336 1845 1376; x_wconf 78' lang='lat' dir='ltr'>es</span> 
     </span>
     <span class='ocr_line' id='line_1_43' title="bbox 1054 1388 1845 1476; baseline 0.013 -21"><span class='ocrx_word' id='word_1_281' title='bbox 1054 1413 1130 1473; x_wconf 86' lang='lat' dir='ltr'>parte</span> <span class='ocrx_word' id='word_1_282' title='bbox 1147 1403 1246 1458; x_wconf 90' lang='lat' dir='ltr'>lruitus</span> <span class='ocrx_word' id='word_1_283' title='bbox 1263 1405 1350 1459; x_wconf 90' lang='lat' dir='ltr'>luero.</span> <span class='ocrx_word' id='word_1_284' title='bbox 1368 1423 1377 1457; x_wconf 86' lang='grc' dir='ltr'>ι</span> <span class='ocrx_word' id='word_1_285' title='bbox 1396 1406 1465 1472; x_wconf 82' lang='lat' dir='ltr'>Quia</span> <span class='ocrx_word' id='word_1_286' title='bbox 1477 1408 1513 1461; x_wconf 89' lang='lat' dir='ltr'>ita</span> <span class='ocrx_word' id='word_1_287' title='bbox 1528 1424 1576 1462; x_wconf 76' lang='lat' dir='ltr'>tuas</span> <span class='ocrx_word' id='word_1_288' title='bbox 1589 1410 1736 1476; x_wconf 78' lang='lat' dir='ltr'>cullibetis,</span> <span class='ocrx_word' id='word_1_289' title='bbox 1754 1423 1781 1465; x_wconf 93' lang='grc' dir='ltr'>ιιι</span> <span class='ocrx_word' id='word_1_290' title='bbox 1794 1388 1845 1466; x_wconf 79' lang='lat' dir='ltr'>uec</span> 
     </span>
     <span class='ocr_line' id='line_1_44' title="bbox 1055 1494 1846 1563; baseline 0.014 -17"><span class='ocrx_word' id='word_1_291' title='bbox 1055 1494 1127 1563; x_wconf 86' lang='lat' dir='ltr'>apud</span> <span class='ocrx_word' id='word_1_292' title='bbox 1144 1510 1193 1551; x_wconf 82' lang='lat' dir='ltr'>tos</span> <span class='ocrx_word' id='word_1_293' title='bbox 1210 1495 1299 1551; x_wconf 86' lang='lat' dir='ltr'>locum</span> <span class='ocrx_word' id='word_1_294' title='bbox 1321 1509 1368 1551; x_wconf 89' lang='lat' dir='ltr'>aut</span> <span class='ocrx_word' id='word_1_295' title='bbox 1386 1500 1579 1553; x_wconf 78' lang='lat' dir='ltr'>tuccessitatem</span> <span class='ocrx_word' id='word_1_296' title='bbox 1605 1504 1718 1556; x_wconf 81' lang='lat' dir='ltr'>babeam</span> <span class='ocrx_word' id='word_1_297' title='bbox 1742 1503 1846 1557; x_wconf 87' lang='lat' dir='ltr'>diutius</span> 
     </span>
     <span class='ocr_line' id='line_1_45' title="bbox 1055 1587 1846 1665; baseline 0.011 -25"><span class='ocrx_word' id='word_1_298' title='bbox 1055 1587 1236 1643; x_wconf 82' lang='lat' dir='ltr'>remorandi:</span> <span class='ocrx_word' id='word_1_299' title='bbox 1250 1597 1277 1643; x_wconf 91' lang='lat' dir='ltr'>et</span> <span class='ocrx_word' id='word_1_300' title='bbox 1294 1588 1355 1644; x_wconf 89' lang='lat' dir='ltr'>ideo</span> <span class='ocrx_word' id='word_1_301' title='bbox 1367 1606 1399 1644; x_wconf 83' lang='lat' dir='ltr'>ex</span> <span class='ocrx_word' id='word_1_302' title='bbox 1414 1603 1491 1659; x_wconf 89' lang='lat' dir='ltr'>parte</span> <span class='ocrx_word' id='word_1_303' title='bbox 1506 1592 1559 1646; x_wconf 85' lang='lat' dir='ltr'>illis</span> <span class='ocrx_word' id='word_1_304' title='bbox 1571 1592 1655 1648; x_wconf 86' lang='lat' dir='ltr'>luisse</span> <span class='ocrx_word' id='word_1_305' title='bbox 1671 1594 1753 1661; x_wconf 88' lang='lat' dir='ltr'>dicit,</span> <span class='ocrx_word' id='word_1_306' title='bbox 1782 1595 1846 1665; x_wconf 91' lang='lat' dir='ltr'>qnia</span> 
     </span>
     <span class='ocr_line' id='line_1_46' title="bbox 1057 1681 1849 1753; baseline 0.004 -18"><span class='ocrx_word' id='word_1_307' title='bbox 1057 1696 1110 1735; x_wconf 88' lang='lat' dir='ltr'>nott</span> <span class='ocrx_word' id='word_1_308' title='bbox 1129 1681 1244 1736; x_wconf 90' lang='lat' dir='ltr'>credere</span> <span class='ocrx_word' id='word_1_309' title='bbox 1263 1682 1437 1753; x_wconf 78' lang='lat' dir='ltr'>indigebam.</span> <span class='ocrx_word' id='word_1_310' title='bbox 1459 1684 1506 1737; x_wconf 87' lang='lat' dir='ltr'>sed</span> <span class='ocrx_word' id='word_1_311' title='bbox 1535 1684 1724 1738; x_wconf 86' lang='lat' dir='ltr'>tarrtnmmodo</span> <span class='ocrx_word' id='word_1_312' title='bbox 1745 1685 1849 1740; x_wconf 89' lang='lat' dir='ltr'>coullr-</span> 
     </span>
     <span class='ocr_line' id='line_1_47' title="bbox 1057 1771 1848 1844; baseline 0.006 -19"><span class='ocrx_word' id='word_1_313' title='bbox 1057 1771 1125 1825; x_wconf 87' lang='lat' dir='ltr'>marl</span> <span class='ocrx_word' id='word_1_314' title='bbox 1148 1788 1155 1825; x_wconf 76' lang='grc' dir='ltr'><strong><em>ε</em></strong></span> <span class='ocrx_word' id='word_1_315' title='bbox 1192 1774 1249 1827; x_wconf 87' lang='lat' dir='ltr'>sire</span> <span class='ocrx_word' id='word_1_316' title='bbox 1268 1773 1329 1827; x_wconf 89' lang='lat' dir='ltr'>ideo</span> <span class='ocrx_word' id='word_1_317' title='bbox 1351 1786 1383 1826; x_wconf 83' lang='lat' dir='ltr'>es</span> <span class='ocrx_word' id='word_1_318' title='bbox 1407 1784 1495 1842; x_wconf 88' lang='lat' dir='ltr'>parte,</span> <span class='ocrx_word' id='word_1_319' title='bbox 1515 1774 1579 1842; x_wconf 88' lang='lat' dir='ltr'>quia</span> <span class='ocrx_word' id='word_1_320' title='bbox 1597 1773 1670 1828; x_wconf 87' lang='lat' dir='ltr'>nulla</span> <span class='ocrx_word' id='word_1_321' title='bbox 1693 1776 1848 1844; x_wconf 72' lang='lat' dir='ltr'>magnitudo</span> 
     </span>
    </p>
   </div>
   <div class='ocr_carea' id='block_1_9' title="bbox 1020 1863 1475 1938">
    <p class='ocr_par' dir='ltr' id='par_1_15' title="bbox 1020 1863 1475 1938">
     <span class='ocr_line' id='line_1_48' title="bbox 1020 1863 1475 1938; baseline 0.004 -22"><span class='ocrx_word' id='word_1_322' title='bbox 1020 1881 1041 1938; x_wconf 72' lang='lat' dir='ltr'>p</span> <span class='ocrx_word' id='word_1_323' title='bbox 1057 1863 1187 1931; x_wconf 83' lang='lat' dir='ltr'>lertrporis</span> <span class='ocrx_word' id='word_1_324' title='bbox 1202 1863 1285 1918; x_wconf 84' lang='lat' dir='ltr'>iaciat</span> <span class='ocrx_word' id='word_1_325' title='bbox 1300 1864 1475 1919; x_wconf 86' lang='lat' dir='ltr'>charitatem.</span> 
     </span>
    </p>
   </div>
   <div class='ocr_carea' id='block_1_10' title="bbox 1056 1953 1851 3215">
    <p class='ocr_par' dir='ltr' id='par_1_16' title="bbox 1057 1953 1849 2116">
     <span class='ocr_line' id='line_1_49' title="bbox 1096 1953 1849 2027; baseline 0.011 -19"><span class='ocrx_word' id='word_1_326' title='bbox 1096 1953 1197 2011; x_wconf 76' lang='lat' dir='ltr'>illunc</span> <span class='ocrx_word' id='word_1_327' title='bbox 1221 1956 1303 2027; x_wconf 88' lang='lat' dir='ltr'>igitur</span> <span class='ocrx_word' id='word_1_328' title='bbox 1326 1957 1487 2026; x_wconf 80' lang='lat' dir='ltr'>proficiscar</span> <span class='ocrx_word' id='word_1_329' title='bbox 1517 1956 1543 2010; x_wconf 92' lang='lat' dir='ltr'>in</span> <span class='ocrx_word' id='word_1_330' title='bbox 1569 1954 1762 2014; x_wconf 78' lang='lat' dir='ltr'>ierusalem.»</span> <span class='ocrx_word' id='word_1_331' title='bbox 1789 1958 1849 2016; x_wconf 85' lang='lat' dir='ltr'>lloc</span> 
     </span>
     <span class='ocr_line' id='line_1_50' title="bbox 1057 2045 1548 2116; baseline 0.006 -16"><span class='ocrx_word' id='word_1_332' title='bbox 1057 2045 1124 2101; x_wconf 87' lang='lat' dir='ltr'>nribi</span> <span class='ocrx_word' id='word_1_333' title='bbox 1144 2057 1227 2101; x_wconf 87' lang='lat' dir='ltr'>restat</span> <span class='ocrx_word' id='word_1_334' title='bbox 1243 2046 1372 2116; x_wconf 84' lang='lat' dir='ltr'>deinceps</span> <span class='ocrx_word' id='word_1_335' title='bbox 1386 2057 1414 2101; x_wconf 93' lang='lat' dir='ltr'>ut</span> <span class='ocrx_word' id='word_1_336' title='bbox 1430 2048 1548 2103; x_wconf 82' lang='lat' dir='ltr'>rentiam.</span> 
     </span>
    </p>

    <p class='ocr_par' dir='ltr' id='par_1_17' title="bbox 1056 2137 1851 3037">
     <span class='ocr_line' id='line_1_51' title="bbox 1095 2137 1850 2199; baseline 0.012 -9"><span class='ocrx_word' id='word_1_337' title='bbox 1095 2155 1105 2190; x_wconf 87' lang='lat' dir='ltr'>r</span> <span class='ocrx_word' id='word_1_338' title='bbox 1125 2137 1279 2194; x_wconf 87' lang='lat' dir='ltr'>llinistrare</span> <span class='ocrx_word' id='word_1_339' title='bbox 1299 2139 1414 2194; x_wconf 87' lang='lat' dir='ltr'>sanetis.</span> <span class='ocrx_word' id='word_1_340' title='bbox 1435 2158 1445 2191; x_wconf 85' lang='lat' dir='ltr'>t</span> <span class='ocrx_word' id='word_1_341' title='bbox 1477 2138 1569 2195; x_wconf 87' lang='lat' dir='ltr'>Sancti</span> <span class='ocrx_word' id='word_1_342' title='bbox 1592 2150 1671 2195; x_wconf 88' lang='lat' dir='ltr'>erant</span> <span class='ocrx_word' id='word_1_343' title='bbox 1687 2141 1713 2195; x_wconf 89' lang='lat' dir='ltr'>in</span> <span class='ocrx_word' id='word_1_344' title='bbox 1738 2143 1850 2199; x_wconf 72' lang='lat' dir='ltr'>dertusa·</span> 
     </span>
     <span class='ocr_line' id='line_1_52' title="bbox 1056 2229 1850 2305; baseline 0.01 -20"><span class='ocrx_word' id='word_1_345' title='bbox 1056 2229 1122 2293; x_wconf 89' lang='lat' dir='ltr'>lem,</span> <span class='ocrx_word' id='word_1_346' title='bbox 1136 2230 1183 2301; x_wconf 84' lang='lat' dir='ltr'>qni</span> <span class='ocrx_word' id='word_1_347' title='bbox 1195 2230 1324 2286; x_wconf 89' lang='lat' dir='ltr'>omnibns</span> <span class='ocrx_word' id='word_1_348' title='bbox 1339 2232 1395 2286; x_wconf 91' lang='lat' dir='ltr'>suis</span> <span class='ocrx_word' id='word_1_349' title='bbox 1412 2230 1567 2297; x_wconf 80' lang='lat' dir='ltr'>distractis,</span> <span class='ocrx_word' id='word_1_350' title='bbox 1582 2246 1608 2288; x_wconf 90' lang='lat' dir='ltr'>ct</span> <span class='ocrx_word' id='word_1_351' title='bbox 1628 2244 1694 2291; x_wconf 87' lang='lat' dir='ltr'>ante</span> <span class='ocrx_word' id='word_1_352' title='bbox 1711 2237 1850 2305; x_wconf 88' lang='lat' dir='ltr'>apostolo·</span> 
     </span>
     <span class='ocr_line' id='line_1_53' title="bbox 1058 2319 1850 2397; baseline 0.009 -23"><span class='ocrx_word' id='word_1_353' title='bbox 1058 2335 1116 2374; x_wconf 93' lang='lat' dir='ltr'>rum</span> <span class='ocrx_word' id='word_1_354' title='bbox 1131 2321 1213 2390; x_wconf 85' lang='lat' dir='ltr'>pedes</span> <span class='ocrx_word' id='word_1_355' title='bbox 1227 2319 1370 2390; x_wconf 88' lang='lat' dir='ltr'>depositis,</span> <span class='ocrx_word' id='word_1_356' title='bbox 1382 2323 1510 2388; x_wconf 88' lang='lat' dir='ltr'>orationi,</span> <span class='ocrx_word' id='word_1_357' title='bbox 1526 2324 1644 2390; x_wconf 90' lang='lat' dir='ltr'>lectioni,</span> <span class='ocrx_word' id='word_1_358' title='bbox 1661 2327 1850 2397; x_wconf 70' lang='lat' dir='ltr'>doctrinaque</span> 
     </span>
     <span class='ocr_line' id='line_1_54' title="bbox 1058 2410 1851 2489; baseline 0.016 -27"><span class='ocrx_word' id='word_1_359' title='bbox 1058 2412 1199 2467; x_wconf 82' lang='lat' dir='ltr'>vacabant.</span> <span class='ocrx_word' id='word_1_360' title='bbox 1227 2410 1328 2479; x_wconf 82' lang='lat' dir='ltr'>Quales</span> <span class='ocrx_word' id='word_1_361' title='bbox 1350 2421 1442 2467; x_wconf 91' lang='lat' dir='ltr'>autem</span> <span class='ocrx_word' id='word_1_362' title='bbox 1460 2413 1573 2481; x_wconf 86' lang='lat' dir='ltr'>luerint,</span> <span class='ocrx_word' id='word_1_363' title='bbox 1590 2433 1624 2470; x_wconf 85' lang='lat' dir='ltr'>cr</span> <span class='ocrx_word' id='word_1_364' title='bbox 1643 2418 1694 2472; x_wconf 87' lang='lat' dir='ltr'>boc</span> <span class='ocrx_word' id='word_1_365' title='bbox 1708 2420 1851 2489; x_wconf 81' lang='lat' dir='ltr'>cogitosci·</span> 
     </span>
     <span class='ocr_line' id='line_1_55' title="bbox 1059 2504 1850 2582; baseline 0.011 -24"><span class='ocrx_word' id='word_1_366' title='bbox 1059 2514 1113 2571; x_wconf 92' lang='lat' dir='ltr'>tur,</span> <span class='ocrx_word' id='word_1_367' title='bbox 1134 2515 1163 2560; x_wconf 92' lang='lat' dir='ltr'>nt</span> <span class='ocrx_word' id='word_1_368' title='bbox 1186 2506 1243 2574; x_wconf 88' lang='lat' dir='ltr'>ipse</span> <span class='ocrx_word' id='word_1_369' title='bbox 1264 2504 1411 2574; x_wconf 75' lang='lat' dir='ltr'>Apostolus</span> <span class='ocrx_word' id='word_1_370' title='bbox 1429 2522 1478 2576; x_wconf 89' lang='lat' dir='ltr'>per</span> <span class='ocrx_word' id='word_1_371' title='bbox 1502 2522 1532 2562; x_wconf 89' lang='lat' dir='ltr'>se</span> <span class='ocrx_word' id='word_1_372' title='bbox 1550 2508 1602 2563; x_wconf 88' lang='lat' dir='ltr'>illis</span> <span class='ocrx_word' id='word_1_373' title='bbox 1628 2522 1753 2582; x_wconf 74' lang='lat' dir='ltr'>pergeret</span> <span class='ocrx_word' id='word_1_374' title='bbox 1770 2513 1850 2567; x_wconf 86' lang='lat' dir='ltr'>rnird·</span> 
     </span>
     <span class='ocr_line' id='line_1_56' title="bbox 1059 2598 1851 2672; baseline 0.006 -18"><span class='ocrx_word' id='word_1_375' title='bbox 1059 2608 1160 2664; x_wconf 88' lang='lat' dir='ltr'>strare,</span> <span class='ocrx_word' id='word_1_376' title='bbox 1174 2608 1202 2652; x_wconf 91' lang='lat' dir='ltr'>et</span> <span class='ocrx_word' id='word_1_377' title='bbox 1217 2598 1317 2669; x_wconf 88' lang='lat' dir='ltr'>quibus</span> <span class='ocrx_word' id='word_1_378' title='bbox 1333 2599 1502 2654; x_wconf 88' lang='lat' dir='ltr'>oblationem</span> <span class='ocrx_word' id='word_1_379' title='bbox 1519 2616 1597 2655; x_wconf 90' lang='lat' dir='ltr'>suam</span> <span class='ocrx_word' id='word_1_380' title='bbox 1609 2617 1669 2656; x_wconf 88' lang='lat' dir='ltr'>esse</span> <span class='ocrx_word' id='word_1_381' title='bbox 1680 2614 1757 2672; x_wconf 87' lang='lat' dir='ltr'>optat</span> <span class='ocrx_word' id='word_1_382' title='bbox 1772 2619 1851 2659; x_wconf 88' lang='lat' dir='ltr'>acce·</span> 
     </span>
     <span class='ocr_line' id='line_1_57' title="bbox 1058 2683 1850 2762; baseline 0.008 -17"><span class='ocrx_word' id='word_1_383' title='bbox 1058 2702 1131 2762; x_wconf 91' lang='lat' dir='ltr'>ptam</span> <span class='ocrx_word' id='word_1_384' title='bbox 1148 2710 1154 2742; x_wconf 90' lang='lat'>:</span> <span class='ocrx_word' id='word_1_385' title='bbox 1169 2691 1261 2756; x_wconf 89' lang='lat' dir='ltr'>idest,</span> <span class='ocrx_word' id='word_1_386' title='bbox 1280 2700 1380 2745; x_wconf 82' lang='lat' dir='ltr'>utram</span> <span class='ocrx_word' id='word_1_387' title='bbox 1394 2683 1538 2762; x_wconf 73' lang='lat' dir='ltr'>dignentur</span> <span class='ocrx_word' id='word_1_388' title='bbox 1553 2693 1687 2761; x_wconf 88' lang='lat' dir='ltr'>accipere,</span> <span class='ocrx_word' id='word_1_389' title='bbox 1702 2695 1850 2752; x_wconf 81' lang='lat' dir='ltr'>ostendeus</span> 
     </span>
     <span class='ocr_line' id='line_1_58' title="bbox 1059 2781 1849 2856; baseline 0.005 -19"><span class='ocrx_word' id='word_1_390' title='bbox 1059 2781 1111 2837; x_wconf 88' lang='lat' dir='ltr'>hoc</span> <span class='ocrx_word' id='word_1_391' title='bbox 1127 2797 1180 2837; x_wconf 92' lang='lat' dir='ltr'>nou</span> <span class='ocrx_word' id='word_1_392' title='bbox 1197 2792 1251 2837; x_wconf 87' lang='lat' dir='ltr'>tam</span> <span class='ocrx_word' id='word_1_393' title='bbox 1272 2783 1403 2850; x_wconf 84' lang='lat' dir='ltr'>prodesse</span> <span class='ocrx_word' id='word_1_394' title='bbox 1432 2783 1640 2852; x_wconf 85' lang='lat' dir='ltr'>accipientibus,</span> <span class='ocrx_word' id='word_1_395' title='bbox 1661 2801 1741 2856; x_wconf 78' lang='lat' dir='ltr'>quiam</span> <span class='ocrx_word' id='word_1_396' title='bbox 1757 2787 1849 2841; x_wconf 89' lang='lat' dir='ltr'>danti·</span> 
     </span>
     <span class='ocr_line' id='line_1_59' title="bbox 1059 2872 1851 2948; baseline 0.006 -19"><span class='ocrx_word' id='word_1_397' title='bbox 1059 2874 1120 2929; x_wconf 91' lang='lat' dir='ltr'>bus.</span> <span class='ocrx_word' id='word_1_398' title='bbox 1142 2873 1198 2929; x_wconf 91' lang='lat' dir='ltr'>lloc</span> <span class='ocrx_word' id='word_1_399' title='bbox 1211 2883 1307 2928; x_wconf 86' lang='lat' dir='ltr'>contra</span> <span class='ocrx_word' id='word_1_400' title='bbox 1323 2874 1386 2930; x_wconf 92' lang='lat' dir='ltr'>illos</span> <span class='ocrx_word' id='word_1_401' title='bbox 1403 2872 1481 2941; x_wconf 89' lang='lat' dir='ltr'>lacit,</span> <span class='ocrx_word' id='word_1_402' title='bbox 1502 2879 1548 2947; x_wconf 86' lang='lat' dir='ltr'>qm</span> <span class='ocrx_word' id='word_1_403' title='bbox 1570 2875 1685 2946; x_wconf 88' lang='lat' dir='ltr'>gloriam</span> <span class='ocrx_word' id='word_1_404' title='bbox 1701 2877 1851 2948; x_wconf 91' lang='lat' dir='ltr'>perlectio-</span> 
     </span>
     <span class='ocr_line' id='line_1_60' title="bbox 1060 2966 1292 3037; baseline -0.004 -16"><span class='ocrx_word' id='word_1_405' title='bbox 1060 2967 1103 3022; x_wconf 88' lang='lat' dir='ltr'>nis</span> <span class='ocrx_word' id='word_1_406' title='bbox 1120 2966 1292 3037; x_wconf 75' lang='lat' dir='ltr'>impugnant.</span> 
     </span>
    </p>

    <p class='ocr_par' dir='ltr' id='par_1_18' title="bbox 1061 3054 1851 3215">
     <span class='ocr_line' id='line_1_61' title="bbox 1097 3054 1850 3120; baseline 0.016 -12"><span class='ocrx_word' id='word_1_407' title='bbox 1097 3073 1108 3108; x_wconf 89' lang='grc' dir='ltr'>ι</span> <span class='ocrx_word' id='word_1_408' title='bbox 1128 3054 1316 3110; x_wconf 85' lang='lat' dir='ltr'>Probarerunt</span> <span class='ocrx_word' id='word_1_409' title='bbox 1334 3057 1409 3111; x_wconf 88' lang='lat' dir='ltr'>enim</span> <span class='ocrx_word' id='word_1_410' title='bbox 1432 3057 1590 3114; x_wconf 87' lang='lat' dir='ltr'>llacedonia</span> <span class='ocrx_word' id='word_1_411' title='bbox 1603 3070 1630 3116; x_wconf 91' lang='lat' dir='ltr'>et</span> <span class='ocrx_word' id='word_1_412' title='bbox 1646 3060 1747 3117; x_wconf 82' lang='lat' dir='ltr'>delun</span> <span class='ocrx_word' id='word_1_413' title='bbox 1765 3065 1850 3120; x_wconf 88' lang='lat' dir='ltr'>colla·</span> 
     </span>
     <span class='ocr_line' id='line_1_62' title="bbox 1061 3144 1851 3215; baseline 0.016 -17"><span class='ocrx_word' id='word_1_414' title='bbox 1061 3145 1161 3199; x_wconf 91' lang='lat' dir='ltr'>tionem</span> <span class='ocrx_word' id='word_1_415' title='bbox 1190 3145 1309 3215; x_wconf 77' lang='lat' dir='ltr'>aliquam</span> <span class='ocrx_word' id='word_1_416' title='bbox 1341 3144 1472 3201; x_wconf 73' lang='lat' dir='ltr'>lacere.»</span> <span class='ocrx_word' id='word_1_417' title='bbox 1502 3147 1690 3206; x_wconf 84' lang='lat' dir='ltr'>Probaucrunt</span> <span class='ocrx_word' id='word_1_418' title='bbox 1714 3154 1770 3212; x_wconf 86' lang='lat' dir='ltr'>hoc</span> <span class='ocrx_word' id='word_1_419' title='bbox 1796 3157 1851 3212; x_wconf 90' lang='lat' dir='ltr'>sibi</span> 
     </span>
    </p>
   </div>
   <div class='ocr_carea' id='block_1_11' title="bbox 257 3221 1852 3322">
    <p class='ocr_par' dir='ltr' id='par_1_19' title="bbox 257 3221 1852 3322">
     <span class='ocr_line' id='line_1_63' title="bbox 257 3221 1852 3322; baseline 0.004 -11"><span class='ocrx_word' id='word_1_420' title='bbox 257 3274 268 3311; x_wconf 92' lang='grc' dir='ltr'>ι</span> <span class='ocrx_word' id='word_1_421' title='bbox 290 3256 319 3311; x_wconf 93' lang='lat' dir='ltr'>lu</span> <span class='ocrx_word' id='word_1_422' title='bbox 331 3255 431 3309; x_wconf 81' lang='lat' dir='ltr'>uirtute</span> <span class='ocrx_word' id='word_1_423' title='bbox 446 3252 565 3322; x_wconf 76' lang='lat' dir='ltr'>Spiritus</span> <span class='ocrx_word' id='word_1_424' title='bbox 580 3249 679 3306; x_wconf 86' lang='lat' dir='ltr'>sancti.</span> <span class='ocrx_word' id='word_1_425' title='bbox 699 3248 810 3305; x_wconf 81' lang='lat' dir='ltr'>uUuam</span> <span class='ocrx_word' id='word_1_426' title='bbox 839 3261 901 3302; x_wconf 89' lang='lat' dir='ltr'>esse</span> <span class='ocrx_word' id='word_1_427' title='bbox 919 3221 1043 3301; x_wconf 73' lang='lat' dir='ltr'>virtu-⁶</span> <span class='ocrx_word' id='word_1_428' title='bbox 1061 3237 1128 3292; x_wconf 66' lang='lat' dir='ltr'>tilde</span> <span class='ocrx_word' id='word_1_429' title='bbox 1143 3237 1211 3301; x_wconf 64' lang='lat'><strong>¹⁰¹⁸·</strong></span> <span class='ocrx_word' id='word_1_430' title='bbox 1229 3238 1252 3293; x_wconf 63' lang='grc' dir='ltr'>δί</span> <span class='ocrx_word' id='word_1_431' title='bbox 1269 3236 1445 3295; x_wconf 69' lang='lat' dir='ltr'>0⁰¹¹²¹i⁰¹¹⁰¹¹¹</span> <span class='ocrx_word' id='word_1_432' title='bbox 1457 3239 1576 3311; x_wconf 70' lang='lat' dir='ltr'>alid¹¹³¹¹¹</span> <span class='ocrx_word' id='word_1_433' title='bbox 1600 3254 1756 3313; x_wconf 64' lang='lat' dir='ltr'>‘intimum</span> <span class='ocrx_word' id='word_1_434' title='bbox 1778 3246 1852 3302; x_wconf 58' lang='lat' dir='ltr'>iste·</span> 
     </span>
    </p>
   </div>
   <div class='ocr_carea' id='block_1_12' title="bbox 215 3350 1013 4526">
    <p class='ocr_par' dir='ltr' id='par_1_20' title="bbox 215 3350 553 3425">
     <span class='ocr_line' id='line_1_64' title="bbox 215 3350 553 3425; baseline -0.018 -19"><span class='ocrx_word' id='word_1_435' title='bbox 215 3359 274 3425; x_wconf 61' lang='lat' dir='ltr'>mm</span> <span class='ocrx_word' id='word_1_436' title='bbox 290 3361 372 3418; x_wconf 81' lang='lat' dir='ltr'>atque</span> <span class='ocrx_word' id='word_1_437' title='bbox 393 3350 553 3416; x_wconf 82' lang='lat' dir='ltr'>polentiam.</span> 
     </span>
    </p>

    <p class='ocr_par' dir='ltr' id='par_1_21' title="bbox 217 3430 1009 3696">
     <span class='ocr_line' id='line_1_65' title="bbox 258 3430 1007 3506; baseline -0.015 -10"><span class='ocrx_word' id='word_1_438' title='bbox 258 3440 410 3496; x_wconf 85' lang='lat' dir='ltr'>‹itautab</span> <span class='ocrx_word' id='word_1_439' title='bbox 425 3437 579 3494; x_wconf 81' lang='lat' dir='ltr'>Jerusalem</span> <span class='ocrx_word' id='word_1_440' title='bbox 609 3447 657 3506; x_wconf 88' lang='lat' dir='ltr'>per</span> <span class='ocrx_word' id='word_1_441' title='bbox 682 3432 829 3488; x_wconf 87' lang='lat' dir='ltr'>circuitum</span> <span class='ocrx_word' id='word_1_442' title='bbox 857 3447 944 3502; x_wconf 87' lang='lat' dir='ltr'>usqne</span> <span class='ocrx_word' id='word_1_443' title='bbox 972 3430 1007 3486; x_wconf 90' lang='lat' dir='ltr'>ad</span> 
     </span>
     <span class='ocr_line' id='line_1_66' title="bbox 217 3524 1009 3607; baseline -0.018 -15"><span class='ocrx_word' id='word_1_444' title='bbox 217 3534 356 3607; x_wconf 76' lang='lat' dir='ltr'>illyricum</span> <span class='ocrx_word' id='word_1_445' title='bbox 372 3531 533 3602; x_wconf 78' lang='lat' dir='ltr'>repleverim</span> <span class='ocrx_word' id='word_1_446' title='bbox 550 3527 727 3598; x_wconf 82' lang='lat' dir='ltr'>Erartgelium</span> <span class='ocrx_word' id='word_1_447' title='bbox 742 3524 857 3581; x_wconf 85' lang='lat' dir='ltr'>Christi.</span> <span class='ocrx_word' id='word_1_448' title='bbox 874 3543 884 3575; x_wconf 87' lang='grc' dir='ltr'>ι</span> <span class='ocrx_word' id='word_1_449' title='bbox 912 3524 1009 3595; x_wconf 89' lang='lat' dir='ltr'>lleple·</span> 
     </span>
     <span class='ocr_line' id='line_1_67' title="bbox 220 3617 902 3696; baseline -0.023 -10"><span class='ocrx_word' id='word_1_450' title='bbox 220 3639 268 3686; x_wconf 90' lang='lat' dir='ltr'>tur</span> <span class='ocrx_word' id='word_1_451' title='bbox 286 3625 475 3696; x_wconf 84' lang='lat' dir='ltr'>Erartgelinm‚</span> <span class='ocrx_word' id='word_1_452' title='bbox 489 3637 549 3678; x_wconf 89' lang='lat' dir='ltr'>cum</span> <span class='ocrx_word' id='word_1_453' title='bbox 570 3622 653 3675; x_wconf 90' lang='lat' dir='ltr'>etiam</span> <span class='ocrx_word' id='word_1_454' title='bbox 668 3626 762 3688; x_wconf 85' lang='lat' dir='ltr'>gentes</span> <span class='ocrx_word' id='word_1_455' title='bbox 778 3617 902 3671; x_wconf 89' lang='lat' dir='ltr'>crodunt.</span> 
     </span>
    </p>

    <p class='ocr_par' dir='ltr' id='par_1_22' title="bbox 218 3705 1013 4526">
     <span class='ocr_line' id='line_1_68' title="bbox 258 3705 1009 3785; baseline -0.015 -13"><span class='ocrx_word' id='word_1_456' title='bbox 258 3737 271 3772; x_wconf 88' lang='grc' dir='ltr'>ι</span> <span class='ocrx_word' id='word_1_457' title='bbox 289 3717 334 3774; x_wconf 83' lang='lat' dir='ltr'>Sic</span> <span class='ocrx_word' id='word_1_458' title='bbox 347 3727 437 3771; x_wconf 87' lang='lat' dir='ltr'>antem</span> <span class='ocrx_word' id='word_1_459' title='bbox 454 3713 599 3785; x_wconf 80' lang='lat' dir='ltr'>predicari</span> <span class='ocrx_word' id='word_1_460' title='bbox 615 3710 795 3779; x_wconf 80' lang='lat' dir='ltr'>Euangelium</span> <span class='ocrx_word' id='word_1_461' title='bbox 817 3706 879 3773; x_wconf 93' lang='lat' dir='ltr'>boc,</span> <span class='ocrx_word' id='word_1_462' title='bbox 898 3722 950 3761; x_wconf 89' lang='lat' dir='ltr'>non</span> <span class='ocrx_word' id='word_1_463' title='bbox 963 3705 1009 3761; x_wconf 84' lang='lat' dir='ltr'>nbi</span> 
     </span>
     <span class='ocr_line' id='line_1_69' title="bbox 219 3797 1011 3870; baseline -0.021 -1"><span class='ocrx_word' id='word_1_464' title='bbox 219 3812 378 3869; x_wconf 87' lang='lat' dir='ltr'>norninatus</span> <span class='ocrx_word' id='word_1_465' title='bbox 394 3818 435 3863; x_wconf 89' lang='lat' dir='ltr'>est</span> <span class='ocrx_word' id='word_1_466' title='bbox 454 3805 602 3861; x_wconf 77' lang='lat' dir='ltr'>cbristus:</span> <span class='ocrx_word' id='word_1_467' title='bbox 623 3817 656 3856; x_wconf 89' lang='lat' dir='ltr'>nc</span> <span class='ocrx_word' id='word_1_468' title='bbox 675 3815 758 3870; x_wconf 92' lang='lat' dir='ltr'>super</span> <span class='ocrx_word' id='word_1_469' title='bbox 776 3799 894 3853; x_wconf 90' lang='lat' dir='ltr'>alienum</span> <span class='ocrx_word' id='word_1_470' title='bbox 913 3797 1011 3853; x_wconf 79' lang='lat' dir='ltr'>lurida-</span> 
     </span>
     <span class='ocr_line' id='line_1_70' title="bbox 220 3892 1011 3964; baseline -0.019 -4"><span class='ocrx_word' id='word_1_471' title='bbox 220 3913 343 3960; x_wconf 85' lang='lat' dir='ltr'>arentum</span> <span class='ocrx_word' id='word_1_472' title='bbox 359 3901 533 3957; x_wconf 82' lang='lat' dir='ltr'>aedificarem.</span> <span class='ocrx_word' id='word_1_473' title='bbox 550 3915 560 3948; x_wconf 83' lang='lat' dir='ltr'>t</span> <span class='ocrx_word' id='word_1_474' title='bbox 583 3897 641 3952; x_wconf 85' lang='lat' dir='ltr'>Nun</span> <span class='ocrx_word' id='word_1_475' title='bbox 657 3897 759 3961; x_wconf 79' lang='lat' dir='ltr'>orrnnis,</span> <span class='ocrx_word' id='word_1_476' title='bbox 782 3892 829 3964; x_wconf 89' lang='lat' dir='ltr'>qui</span> <span class='ocrx_word' id='word_1_477' title='bbox 845 3908 927 3962; x_wconf 86' lang='lat' dir='ltr'>super</span> <span class='ocrx_word' id='word_1_478' title='bbox 942 3892 1011 3946; x_wconf 89' lang='lat' dir='ltr'>alie·</span> 
     </span>
     <span class='ocr_line' id='line_1_71' title="bbox 219 3985 1011 4055; baseline -0.02 -2"><span class='ocrx_word' id='word_1_479' title='bbox 219 4012 289 4053; x_wconf 87' lang='lat' dir='ltr'>oum</span> <span class='ocrx_word' id='word_1_480' title='bbox 304 3995 510 4050; x_wconf 87' lang='lat' dir='ltr'>laudamentum</span> <span class='ocrx_word' id='word_1_481' title='bbox 526 3990 653 4055; x_wconf 82' lang='lat' dir='ltr'>adiuuat,</span> <span class='ocrx_word' id='word_1_482' title='bbox 669 3986 738 4041; x_wconf 82' lang='lat' dir='ltr'>nrale</span> <span class='ocrx_word' id='word_1_483' title='bbox 752 3985 828 4053; x_wconf 86' lang='lat' dir='ltr'>lacit,</span> <span class='ocrx_word' id='word_1_484' title='bbox 844 3986 892 4041; x_wconf 90' lang='lat' dir='ltr'>scd</span> <span class='ocrx_word' id='word_1_485' title='bbox 906 3985 930 4040; x_wconf 93' lang='lat' dir='ltr'>si</span> <span class='ocrx_word' id='word_1_486' title='bbox 944 3985 1011 4039; x_wconf 84' lang='lat' dir='ltr'>aedi·</span> 
     </span>
     <span class='ocr_line' id='line_1_72' title="bbox 219 4076 1011 4151; baseline -0.023 -6"><span class='ocrx_word' id='word_1_487' title='bbox 219 4088 287 4147; x_wconf 81' lang='lat' dir='ltr'>dcet</span> <span class='ocrx_word' id='word_1_488' title='bbox 304 4101 413 4151; x_wconf 85' lang='lat' dir='ltr'>aurunt,</span> <span class='ocrx_word' id='word_1_489' title='bbox 431 4094 460 4139; x_wconf 94' lang='lat' dir='ltr'>et</span> <span class='ocrx_word' id='word_1_490' title='bbox 475 4093 585 4138; x_wconf 75' lang='lat' dir='ltr'>cetera.</span> <span class='ocrx_word' id='word_1_491' title='bbox 615 4079 664 4134; x_wconf 89' lang='lat' dir='ltr'>llic</span> <span class='ocrx_word' id='word_1_492' title='bbox 688 4076 934 4147; x_wconf 89' lang='lat' dir='ltr'>pseudoapostolos</span> <span class='ocrx_word' id='word_1_493' title='bbox 952 4084 1011 4128; x_wconf 92' lang='lat' dir='ltr'>tan·</span> 
     </span>
     <span class='ocr_line' id='line_1_73' title="bbox 218 4167 1011 4257; baseline -0.02 -21"><span class='ocrx_word' id='word_1_494' title='bbox 218 4182 273 4257; x_wconf 80' lang='lat' dir='ltr'>git,</span> <span class='ocrx_word' id='word_1_495' title='bbox 296 4181 341 4251; x_wconf 88' lang='lat' dir='ltr'>qrri</span> <span class='ocrx_word' id='word_1_496' title='bbox 357 4192 465 4247; x_wconf 86' lang='lat' dir='ltr'>semper</span> <span class='ocrx_word' id='word_1_497' title='bbox 480 4180 513 4230; x_wconf 92' lang='lat' dir='ltr'>ad</span> <span class='ocrx_word' id='word_1_498' title='bbox 526 4189 584 4238; x_wconf 89' lang='lat' dir='ltr'>eos,</span> <span class='ocrx_word' id='word_1_499' title='bbox 598 4174 644 4243; x_wconf 89' lang='lat' dir='ltr'>qui</span> <span class='ocrx_word' id='word_1_500' title='bbox 659 4170 715 4239; x_wconf 83' lang='lat' dir='ltr'>jam</span> <span class='ocrx_word' id='word_1_501' title='bbox 730 4171 913 4232; x_wconf 88' lang='lat' dir='ltr'>crediderant,</span> <span class='ocrx_word' id='word_1_502' title='bbox 925 4167 1011 4231; x_wconf 90' lang='lat' dir='ltr'>ibant,</span> 
     </span>
     <span class='ocr_line' id='line_1_74' title="bbox 220 4260 1011 4342; baseline -0.023 -11"><span class='ocrx_word' id='word_1_503' title='bbox 220 4285 250 4331; x_wconf 90' lang='lat' dir='ltr'>et</span> <span class='ocrx_word' id='word_1_504' title='bbox 266 4286 404 4342; x_wconf 81' lang='lat' dir='ltr'>nurrqrram</span> <span class='ocrx_word' id='word_1_505' title='bbox 425 4269 585 4338; x_wconf 87' lang='lat' dir='ltr'>adgentes:</span> <span class='ocrx_word' id='word_1_506' title='bbox 604 4265 668 4336; x_wconf 83' lang='lat' dir='ltr'>qrria</span> <span class='ocrx_word' id='word_1_507' title='bbox 682 4278 736 4318; x_wconf 91' lang='lat' dir='ltr'>non</span> <span class='ocrx_word' id='word_1_508' title='bbox 752 4271 877 4332; x_wconf 77' lang='lat' dir='ltr'>poterant</span> <span class='ocrx_word' id='word_1_509' title='bbox 895 4260 1011 4314; x_wconf 88' lang='lat' dir='ltr'>uirtutes</span> 
     </span>
     <span class='ocr_line' id='line_1_75' title="bbox 222 4350 1013 4436; baseline -0.023 -14"><span class='ocrx_word' id='word_1_510' title='bbox 222 4365 342 4436; x_wconf 88' lang='lat' dir='ltr'>operari.</span> <span class='ocrx_word' id='word_1_511' title='bbox 368 4361 402 4417; x_wconf 78' lang='lat' dir='ltr'>Et</span> <span class='ocrx_word' id='word_1_512' title='bbox 424 4360 544 4417; x_wconf 81' lang='lat' dir='ltr'>osteridit</span> <span class='ocrx_word' id='word_1_513' title='bbox 567 4363 688 4429; x_wconf 89' lang='lat' dir='ltr'>perlecte</span> <span class='ocrx_word' id='word_1_514' title='bbox 703 4371 733 4410; x_wconf 87' lang='lat' dir='ltr'>se</span> <span class='ocrx_word' id='word_1_515' title='bbox 750 4354 900 4417; x_wconf 90' lang='lat' dir='ltr'>laborasse,</span> <span class='ocrx_word' id='word_1_516' title='bbox 920 4350 1013 4421; x_wconf 89' lang='lat' dir='ltr'>quiet</span> 
     </span>
     <span class='ocr_line' id='line_1_76' title="bbox 222 4443 961 4526; baseline -0.023 -11"><span class='ocrx_word' id='word_1_517' title='bbox 222 4456 433 4515; x_wconf 76' lang='lat' dir='ltr'>tundamentum</span> <span class='ocrx_word' id='word_1_518' title='bbox 448 4454 550 4523; x_wconf 84' lang='lat' dir='ltr'>posuit,</span> <span class='ocrx_word' id='word_1_519' title='bbox 566 4462 593 4506; x_wconf 89' lang='lat' dir='ltr'>et</span> <span class='ocrx_word' id='word_1_520' title='bbox 608 4448 752 4526; x_wconf 82' lang='lat' dir='ltr'>aedistcium</span> <span class='ocrx_word' id='word_1_521' title='bbox 765 4443 961 4515; x_wconf 73' lang='lat' dir='ltr'>superstruxit.</span> 
     </span>
    </p>
   </div>
   <div class='ocr_carea' id='block_1_13' title="bbox 262 4532 1053 4620">
    <p class='ocr_par' dir='ltr' id='par_1_23' title="bbox 262 4532 1053 4620">
     <span class='ocr_line' id='line_1_77' title="bbox 262 4532 1053 4620; baseline -0.023 -16"><span class='ocrx_word' id='word_1_522' title='bbox 262 4547 343 4606; x_wconf 79' lang='lat' dir='ltr'>‹Sed</span> <span class='ocrx_word' id='word_1_523' title='bbox 373 4548 444 4602; x_wconf 87' lang='lat' dir='ltr'>sicut</span> <span class='ocrx_word' id='word_1_524' title='bbox 471 4545 604 4614; x_wconf 87' lang='lat' dir='ltr'>seriptum</span> <span class='ocrx_word' id='word_1_525' title='bbox 630 4550 711 4596; x_wconf 75' lang='lat' dir='ltr'>cst.»</span> <span class='ocrx_word' id='word_1_526' title='bbox 739 4538 768 4593; x_wconf 95' lang='lat' dir='ltr'>ln</span> <span class='ocrx_word' id='word_1_527' title='bbox 790 4536 870 4592; x_wconf 89' lang='lat' dir='ltr'>lsaia.</span> <span class='ocrx_word' id='word_1_528' title='bbox 887 4532 1053 4620; x_wconf 63' lang='lat' dir='ltr'>Ostendit„</span> 
     </span>
    </p>
   </div>
   <div class='ocr_carea' id='block_1_14' title="bbox 222 4632 1014 4801">
    <p class='ocr_par' dir='ltr' id='par_1_24' title="bbox 222 4632 1014 4801">
     <span class='ocr_line' id='line_1_78' title="bbox 222 4632 897 4706; baseline -0.031 -5"><span class='ocrx_word' id='word_1_529' title='bbox 222 4657 304 4701; x_wconf 88' lang='lat' dir='ltr'>suum</span> <span class='ocrx_word' id='word_1_530' title='bbox 318 4640 441 4695; x_wconf 85' lang='lat' dir='ltr'>laborem</span> <span class='ocrx_word' id='word_1_531' title='bbox 469 4636 525 4706; x_wconf 76' lang='lat' dir='ltr'>iam</span> <span class='ocrx_word' id='word_1_532' title='bbox 545 4644 608 4688; x_wconf 91' lang='lat' dir='ltr'>ante</span> <span class='ocrx_word' id='word_1_533' title='bbox 628 4632 712 4688; x_wconf 82' lang='lat' dir='ltr'>inisse</span> <span class='ocrx_word' id='word_1_534' title='bbox 726 4632 897 4700; x_wconf 87' lang='lat' dir='ltr'>praedictum.</span> 
     </span>
     <span class='ocr_line' id='line_1_79' title="bbox 264 4716 1014 4801; baseline -0.024 -14"><span class='ocrx_word' id='word_1_535' title='bbox 264 4751 275 4787; x_wconf 90' lang='grc' dir='ltr'>ι</span> <span class='ocrx_word' id='word_1_536' title='bbox 292 4731 427 4798; x_wconf 85' lang='lat' dir='ltr'>Quoniam</span> <span class='ocrx_word' id='word_1_537' title='bbox 450 4727 549 4801; x_wconf 83' lang='lat' dir='ltr'>quibus</span> <span class='ocrx_word' id='word_1_538' title='bbox 564 4738 617 4778; x_wconf 90' lang='lat' dir='ltr'>uon</span> <span class='ocrx_word' id='word_1_539' title='bbox 643 4732 686 4777; x_wconf 91' lang='lat' dir='ltr'>est</span> <span class='ocrx_word' id='word_1_540' title='bbox 705 4720 898 4774; x_wconf 88' lang='lat' dir='ltr'>arrunntiamm</span> <span class='ocrx_word' id='word_1_541' title='bbox 922 4716 955 4770; x_wconf 92' lang='lat' dir='ltr'>de</span> <span class='ocrx_word' id='word_1_542' title='bbox 971 4729 1014 4780; x_wconf 92' lang='lat' dir='ltr'>eo,</span> 
     </span>
    </p>
   </div>
   <div class='ocr_carea' id='block_1_15' title="bbox 224 4809 1019 5811">
    <p class='ocr_par' dir='ltr' id='par_1_25' title="bbox 224 4809 1017 5085">
     <span class='ocr_line' id='line_1_80' title="bbox 224 4809 1013 4893; baseline -0.03 -9"><span class='ocrx_word' id='word_1_543' title='bbox 224 4828 368 4892; x_wconf 84' lang='lat' dir='ltr'>ridebunt,</span> <span class='ocrx_word' id='word_1_544' title='bbox 386 4823 472 4893; x_wconf 87' lang='lat' dir='ltr'>etqui</span> <span class='ocrx_word' id='word_1_545' title='bbox 489 4835 542 4873; x_wconf 89' lang='lat' dir='ltr'>non</span> <span class='ocrx_word' id='word_1_546' title='bbox 561 4817 707 4872; x_wconf 90' lang='lat' dir='ltr'>audierunt</span> <span class='ocrx_word' id='word_1_547' title='bbox 724 4815 756 4867; x_wconf 94' lang='lat' dir='ltr'>de</span> <span class='ocrx_word' id='word_1_548' title='bbox 774 4826 817 4877; x_wconf 93' lang='lat' dir='ltr'>eo,</span> <span class='ocrx_word' id='word_1_549' title='bbox 834 4809 1013 4879; x_wconf 74' lang='lat' dir='ltr'>iarnagem.»</span> 
     </span>
     <span class='ocr_line' id='line_1_81' title="bbox 224 4904 1017 4978; baseline -0.026 -1"><span class='ocrx_word' id='word_1_550' title='bbox 224 4918 389 4978; x_wconf 79' lang='lat' dir='ltr'>ostenditur</span> <span class='ocrx_word' id='word_1_551' title='bbox 415 4914 543 4969; x_wconf 83' lang='lat' dir='ltr'>Clurlstus</span> <span class='ocrx_word' id='word_1_552' title='bbox 572 4913 604 4964; x_wconf 89' lang='lat' dir='ltr'>in</span> <span class='ocrx_word' id='word_1_553' title='bbox 630 4907 772 4978; x_wconf 72' lang='lat' dir='ltr'>apiostolis,</span> <span class='ocrx_word' id='word_1_554' title='bbox 787 4914 815 4960; x_wconf 87' lang='lat' dir='ltr'>et</span> <span class='ocrx_word' id='word_1_555' title='bbox 831 4920 880 4975; x_wconf 89' lang='lat' dir='ltr'>per</span> <span class='ocrx_word' id='word_1_556' title='bbox 901 4904 1017 4958; x_wconf 78' lang='lat' dir='ltr'>uirtutes</span> 
     </span>
     <span class='ocr_line' id='line_1_82' title="bbox 225 5001 660 5085; baseline -0.03 -18"><span class='ocrx_word' id='word_1_557' title='bbox 225 5027 290 5085; x_wconf 78' lang='lat' dir='ltr'>quae</span> <span class='ocrx_word' id='word_1_558' title='bbox 305 5009 331 5063; x_wconf 92' lang='lat' dir='ltr'>iu</span> <span class='ocrx_word' id='word_1_559' title='bbox 346 5009 405 5080; x_wconf 79' lang='lat' dir='ltr'>ejus</span> <span class='ocrx_word' id='word_1_560' title='bbox 423 5004 533 5060; x_wconf 89' lang='lat' dir='ltr'>trondue</span> <span class='ocrx_word' id='word_1_561' title='bbox 547 5001 660 5057; x_wconf 85' lang='lat' dir='ltr'>debant.</span> 
     </span>
    </p>

    <p class='ocr_par' dir='ltr' id='par_1_26' title="bbox 227 5087 1019 5345">
     <span class='ocr_line' id='line_1_83' title="bbox 266 5087 1017 5168; baseline -0.019 -13"><span class='ocrx_word' id='word_1_562' title='bbox 266 5120 277 5154; x_wconf 86' lang='grc' dir='ltr'>ι</span> <span class='ocrx_word' id='word_1_563' title='bbox 302 5098 417 5168; x_wconf 79' lang='lat' dir='ltr'>Propter</span> <span class='ocrx_word' id='word_1_564' title='bbox 440 5094 512 5165; x_wconf 89' lang='lat' dir='ltr'>quod</span> <span class='ocrx_word' id='word_1_565' title='bbox 543 5108 571 5147; x_wconf 86' lang='lat' dir='ltr'>et</span> <span class='ocrx_word' id='word_1_566' title='bbox 602 5091 771 5162; x_wconf 89' lang='lat' dir='ltr'>impediebar</span> <span class='ocrx_word' id='word_1_567' title='bbox 792 5087 939 5159; x_wconf 91' lang='lat' dir='ltr'>plurimum</span> <span class='ocrx_word' id='word_1_568' title='bbox 968 5099 1017 5141; x_wconf 87' lang='lat' dir='ltr'>ue·</span> 
     </span>
     <span class='ocr_line' id='line_1_84' title="bbox 227 5174 1019 5254; baseline -0.027 -3"><span class='ocrx_word' id='word_1_569' title='bbox 227 5195 290 5251; x_wconf 90' lang='lat' dir='ltr'>nire</span> <span class='ocrx_word' id='word_1_570' title='bbox 317 5189 352 5244; x_wconf 88' lang='lat' dir='ltr'>ad</span> <span class='ocrx_word' id='word_1_571' title='bbox 381 5201 469 5244; x_wconf 73' lang='lat' dir='ltr'>ros.»</span> <span class='ocrx_word' id='word_1_572' title='bbox 508 5183 640 5254; x_wconf 82' lang='lat' dir='ltr'>Exposuit</span> <span class='ocrx_word' id='word_1_573' title='bbox 663 5180 729 5236; x_wconf 92' lang='lat' dir='ltr'>illml</span> <span class='ocrx_word' id='word_1_574' title='bbox 765 5179 837 5249; x_wconf 78' lang='lat' dir='ltr'>quod</span> <span class='ocrx_word' id='word_1_575' title='bbox 870 5178 898 5232; x_wconf 94' lang='lat' dir='ltr'>in</span> <span class='ocrx_word' id='word_1_576' title='bbox 929 5174 1019 5247; x_wconf 87' lang='lat' dir='ltr'>capite</span> 
     </span>
     <span class='ocr_line' id='line_1_85' title="bbox 227 5289 348 5345; baseline -0.058 0"><span class='ocrx_word' id='word_1_577' title='bbox 227 5289 348 5345; x_wconf 74' lang='lat' dir='ltr'>dixerat.</span> 
     </span>
    </p>

    <p class='ocr_par' dir='ltr' id='par_1_27' title="bbox 227 5358 1019 5713">
     <span class='ocr_line' id='line_1_86' title="bbox 268 5358 1019 5444; baseline -0.02 -16"><span class='ocrx_word' id='word_1_578' title='bbox 268 5396 278 5428; x_wconf 92' lang='grc' dir='ltr'>ι</span> <span class='ocrx_word' id='word_1_579' title='bbox 298 5376 332 5430; x_wconf 84' lang='lat' dir='ltr'>Et</span> <span class='ocrx_word' id='word_1_580' title='bbox 358 5371 511 5444; x_wconf 88' lang='lat' dir='ltr'>probildtns</span> <span class='ocrx_word' id='word_1_581' title='bbox 528 5383 588 5422; x_wconf 92' lang='lat' dir='ltr'>snm</span> <span class='ocrx_word' id='word_1_582' title='bbox 610 5380 697 5435; x_wconf 82' lang='lat' dir='ltr'>usque</span> <span class='ocrx_word' id='word_1_583' title='bbox 720 5364 820 5418; x_wconf 90' lang='lat' dir='ltr'>adbuc.</span> <span class='ocrx_word' id='word_1_584' title='bbox 844 5358 923 5415; x_wconf 84' lang='lat' dir='ltr'>Nunc</span> <span class='ocrx_word' id='word_1_585' title='bbox 953 5374 1019 5414; x_wconf 83' lang='lat' dir='ltr'>vero</span> 
     </span>
     <span class='ocr_line' id='line_1_87' title="bbox 228 5450 1017 5535; baseline -0.027 -8"><span class='ocrx_word' id='word_1_586' title='bbox 228 5468 347 5527; x_wconf 84' lang='lat' dir='ltr'>alterins</span> <span class='ocrx_word' id='word_1_587' title='bbox 362 5467 449 5520; x_wconf 88' lang='lat' dir='ltr'>lucum</span> <span class='ocrx_word' id='word_1_588' title='bbox 464 5481 518 5519; x_wconf 92' lang='lat' dir='ltr'>non</span> <span class='ocrx_word' id='word_1_589' title='bbox 536 5463 640 5535; x_wconf 78' lang='lat' dir='ltr'>babens</span> <span class='ocrx_word' id='word_1_590' title='bbox 654 5461 680 5513; x_wconf 94' lang='lat' dir='ltr'>in</span> <span class='ocrx_word' id='word_1_591' title='bbox 693 5459 736 5512; x_wconf 93' lang='lat' dir='ltr'>bis</span> <span class='ocrx_word' id='word_1_592' title='bbox 751 5455 917 5524; x_wconf 85' lang='lat' dir='ltr'>regionibns.</span> <span class='ocrx_word' id='word_1_593' title='bbox 937 5471 946 5503; x_wconf 87' lang='grc' dir='ltr'>ι</span> <span class='ocrx_word' id='word_1_594' title='bbox 967 5450 1017 5508; x_wconf 85' lang='lat' dir='ltr'>libi</span> 
     </span>
     <span class='ocr_line' id='line_1_88' title="bbox 227 5548 1019 5635; baseline -0.023 -17"><span class='ocrx_word' id='word_1_595' title='bbox 227 5565 286 5635; x_wconf 77' lang='lat' dir='ltr'>jam</span> <span class='ocrx_word' id='word_1_596' title='bbox 306 5559 355 5615; x_wconf 90' lang='lat' dir='ltr'>toti</span> <span class='ocrx_word' id='word_1_597' title='bbox 380 5558 449 5613; x_wconf 81' lang='lat' dir='ltr'>diruti</span> <span class='ocrx_word' id='word_1_598' title='bbox 473 5563 546 5619; x_wconf 84' lang='lat' dir='ltr'>euru,</span> <span class='ocrx_word' id='word_1_599' title='bbox 567 5566 677 5630; x_wconf 84' lang='lat' dir='ltr'>cansam</span> <span class='ocrx_word' id='word_1_600' title='bbox 694 5565 724 5606; x_wconf 89' lang='lat' dir='ltr'>se</span> <span class='ocrx_word' id='word_1_601' title='bbox 749 5557 829 5621; x_wconf 89' lang='lat' dir='ltr'>negat</span> <span class='ocrx_word' id='word_1_602' title='bbox 851 5548 953 5603; x_wconf 89' lang='lat' dir='ltr'>babere</span> <span class='ocrx_word' id='word_1_603' title='bbox 969 5560 1019 5616; x_wconf 93' lang='lat' dir='ltr'>po·</span> 
     </span>
     <span class='ocr_line' id='line_1_89' title="bbox 230 5652 552 5713; baseline -0.025 0"><span class='ocrx_word' id='word_1_604' title='bbox 230 5654 314 5713; x_wconf 87' lang='lat' dir='ltr'>nendi</span> <span class='ocrx_word' id='word_1_605' title='bbox 335 5652 552 5707; x_wconf 88' lang='lat' dir='ltr'>laudamentum.</span> 
     </span>
    </p>

    <p class='ocr_par' dir='ltr' id='par_1_28' title="bbox 270 5733 1017 5811">
     <span class='ocr_line' id='line_1_90' title="bbox 270 5733 1017 5811; baseline -0.028 -9"><span class='ocrx_word' id='word_1_606' title='bbox 270 5767 282 5802; x_wconf 89' lang='grc' dir='ltr'>ι</span> <span class='ocrx_word' id='word_1_607' title='bbox 301 5746 483 5811; x_wconf 86' lang='lat' dir='ltr'>Cupiditatem</span> <span class='ocrx_word' id='word_1_608' title='bbox 504 5751 596 5797; x_wconf 88' lang='lat' dir='ltr'>autem</span> <span class='ocrx_word' id='word_1_609' title='bbox 617 5739 722 5795; x_wconf 90' lang='lat' dir='ltr'>babens</span> <span class='ocrx_word' id='word_1_610' title='bbox 738 5733 864 5790; x_wconf 81' lang='lat' dir='ltr'>tendendi</span> <span class='ocrx_word' id='word_1_611' title='bbox 882 5733 915 5789; x_wconf 93' lang='lat' dir='ltr'>ad</span> <span class='ocrx_word' id='word_1_612' title='bbox 931 5747 987 5788; x_wconf 86' lang='lat' dir='ltr'>ros.</span> <span class='ocrx_word' id='word_1_613' title='bbox 1007 5749 1017 5781; x_wconf 87' lang='grc' dir='ltr'>ι</span> 
     </span>
    </p>
   </div>
   <div class='ocr_carea' id='block_1_16' title="bbox 230 5828 1018 5908">
    <p class='ocr_par' dir='ltr' id='par_1_29' title="bbox 230 5828 1018 5908">
     <span class='ocr_line' id='line_1_91' title="bbox 230 5828 1018 5908; baseline -0.025 -9"><span class='ocrx_word' id='word_1_614' title='bbox 230 5837 389 5900; x_wconf 81' lang='lat' dir='ltr'>Notandum</span> <span class='ocrx_word' id='word_1_615' title='bbox 408 5851 469 5895; x_wconf 85' lang='lat' dir='ltr'>esso</span> <span class='ocrx_word' id='word_1_616' title='bbox 496 5836 672 5908; x_wconf 84' lang='lat' dir='ltr'>cupiditatem</span> <span class='ocrx_word' id='word_1_617' title='bbox 687 5831 767 5889; x_wconf 88' lang='lat' dir='ltr'>ctiam</span> <span class='ocrx_word' id='word_1_618' title='bbox 784 5829 883 5887; x_wconf 87' lang='lat' dir='ltr'>bonaur</span> <span class='ocrx_word' id='word_1_619' title='bbox 909 5844 917 5885; x_wconf 74' lang='grc' dir='ltr'>ι</span> <span class='ocrx_word' id='word_1_620' title='bbox 938 5828 1018 5897; x_wconf 83' lang='lat' dir='ltr'>sicut,</span> 
     </span>
    </p>
   </div>
   <div class='ocr_carea' id='block_1_17' title="bbox 1060 3330 1254 3385">
    <p class='ocr_par' dir='ltr' id='par_1_30' title="bbox 1060 3330 1254 3385">
     <span class='ocr_line' id='line_1_92' title="bbox 1060 3330 1254 3385; baseline 0.015 -3"><span class='ocrx_word' id='word_1_621' title='bbox 1060 3339 1122 3383; x_wconf 88' lang='lat' dir='ltr'>rent</span> <span class='ocrx_word' id='word_1_622' title='bbox 1141 3330 1254 3385; x_wconf 88' lang='lat' dir='ltr'>sanctis.</span> 
     </span>
    </p>
   </div>
   <div class='ocr_carea' id='block_1_18' title="bbox 1102 3443 1850 3516">
    <p class='ocr_par' dir='ltr' id='par_1_31' title="bbox 1102 3443 1850 3516">
     <span class='ocr_line' id='line_1_93' title="bbox 1102 3443 1850 3516; baseline 0.017 -22"><span class='ocrx_word' id='word_1_623' title='bbox 1102 3454 1114 3494; x_wconf 87' lang='grc' dir='ltr'>ι</span> <span class='ocrx_word' id='word_1_624' title='bbox 1131 3443 1160 3497; x_wconf 92' lang='lat' dir='ltr'>ln</span> <span class='ocrx_word' id='word_1_625' title='bbox 1175 3460 1310 3515; x_wconf 87' lang='lat' dir='ltr'>pauperes</span> <span class='ocrx_word' id='word_1_626' title='bbox 1323 3454 1493 3513; x_wconf 90' lang='lat' dir='ltr'>sanctorum,</span> <span class='ocrx_word' id='word_1_627' title='bbox 1510 3449 1557 3516; x_wconf 86' lang='lat' dir='ltr'>qul</span> <span class='ocrx_word' id='word_1_628' title='bbox 1571 3457 1635 3502; x_wconf 90' lang='lat' dir='ltr'>snut</span> <span class='ocrx_word' id='word_1_629' title='bbox 1645 3447 1672 3504; x_wconf 88' lang='lat' dir='ltr'>iu</span> <span class='ocrx_word' id='word_1_630' title='bbox 1684 3446 1850 3507; x_wconf 80' lang='lat' dir='ltr'>Jerusalem.</span> 
     </span>
    </p>
   </div>
   <div class='ocr_carea' id='block_1_19' title="bbox 1058 3531 1942 3704">
    <p class='ocr_par' dir='ltr' id='par_1_32' title="bbox 1058 3531 1942 3704">
     <span class='ocr_line' id='line_1_94' title="bbox 1058 3531 1852 3608; baseline 0.015 -23"><span class='ocrx_word' id='word_1_631' title='bbox 1058 3531 1168 3602; x_wconf 70' lang='lat' dir='ltr'>Placuit</span> <span class='ocrx_word' id='word_1_632' title='bbox 1182 3536 1256 3589; x_wconf 90' lang='lat' dir='ltr'>enlm</span> <span class='ocrx_word' id='word_1_633' title='bbox 1273 3536 1324 3592; x_wconf 92' lang='lat' dir='ltr'>eis.</span> <span class='ocrx_word' id='word_1_634' title='bbox 1343 3554 1353 3588; x_wconf 87' lang='lat' dir='ltr'>r</span> <span class='ocrx_word' id='word_1_635' title='bbox 1380 3535 1448 3604; x_wconf 85' lang='lat' dir='ltr'>Quia</span> <span class='ocrx_word' id='word_1_636' title='bbox 1469 3547 1579 3608; x_wconf 85' lang='lat' dir='ltr'>propter</span> <span class='ocrx_word' id='word_1_637' title='bbox 1592 3551 1749 3595; x_wconf 81' lang='lat' dir='ltr'>narratorum</span> <span class='ocrx_word' id='word_1_638' title='bbox 1765 3542 1852 3597; x_wconf 83' lang='lat' dir='ltr'>adtu-</span> 
     </span>
     <span class='ocr_line' id='line_1_95' title="bbox 1061 3627 1942 3704; baseline 0.015 -24"><span class='ocrx_word' id='word_1_639' title='bbox 1061 3627 1197 3682; x_wconf 89' lang='lat' dir='ltr'>cutionem</span> <span class='ocrx_word' id='word_1_640' title='bbox 1213 3641 1273 3682; x_wconf 91' lang='lat' dir='ltr'>esse</span> <span class='ocrx_word' id='word_1_641' title='bbox 1289 3643 1424 3698; x_wconf 89' lang='lat' dir='ltr'>pauperes</span> <span class='ocrx_word' id='word_1_642' title='bbox 1440 3629 1596 3686; x_wconf 75' lang='lat' dir='ltr'>tolerarunt.</span> <span class='ocrx_word' id='word_1_643' title='bbox 1612 3628 1675 3687; x_wconf 83' lang='lat' dir='ltr'>Siue</span> <span class='ocrx_word' id='word_1_644' title='bbox 1691 3633 1854 3704; x_wconf 88' lang='lat' dir='ltr'>simpliciter</span> <span class='ocrx_word' id='word_1_645' title='bbox 1935 3655 1942 3669; x_wconf 77' lang='grc'><strong><em>·</em></strong></span> 
     </span>
    </p>
   </div>
   <div class='ocr_carea' id='block_1_20' title="bbox 1062 3723 1516 3794">
    <p class='ocr_par' dir='ltr' id='par_1_33' title="bbox 1062 3723 1516 3794">
     <span class='ocr_line' id='line_1_96' title="bbox 1062 3723 1516 3794; baseline 0.015 -22"><span class='ocrx_word' id='word_1_646' title='bbox 1062 3734 1197 3790; x_wconf 87' lang='lat' dir='ltr'>pauperes</span> <span class='ocrx_word' id='word_1_647' title='bbox 1216 3730 1373 3776; x_wconf 87' lang='lat' dir='ltr'>sanctornm</span> <span class='ocrx_word' id='word_1_648' title='bbox 1389 3723 1516 3794; x_wconf 87' lang='lat' dir='ltr'>intellige.</span> 
     </span>
    </p>
   </div>
   <div class='ocr_carea' id='block_1_21' title="bbox 1101 3837 1851 3910">
    <p class='ocr_par' dir='ltr' id='par_1_34' title="bbox 1101 3837 1851 3910">
     <span class='ocr_line' id='line_1_97' title="bbox 1101 3837 1851 3910; baseline 0.012 -20"><span class='ocrx_word' id='word_1_649' title='bbox 1101 3837 1162 3891; x_wconf 73' lang='lat' dir='ltr'>«Et</span> <span class='ocrx_word' id='word_1_650' title='bbox 1182 3837 1319 3891; x_wconf 90' lang='lat' dir='ltr'>debitores</span> <span class='ocrx_word' id='word_1_651' title='bbox 1346 3846 1410 3892; x_wconf 91' lang='lat' dir='ltr'>sunt</span> <span class='ocrx_word' id='word_1_652' title='bbox 1437 3852 1543 3894; x_wconf 90' lang='lat' dir='ltr'>eornrn.</span> <span class='ocrx_word' id='word_1_653' title='bbox 1563 3857 1572 3890; x_wconf 87' lang='grc' dir='ltr'>ι</span> <span class='ocrx_word' id='word_1_654' title='bbox 1602 3840 1732 3910; x_wconf 79' lang='lat' dir='ltr'>Exemplo</span> <span class='ocrx_word' id='word_1_655' title='bbox 1756 3858 1851 3899; x_wconf 87' lang='lat' dir='ltr'>eurum</span> 
     </span>
    </p>
   </div>
   <div class='ocr_carea' id='block_1_22' title="bbox 1064 3932 1852 4091">
    <p class='ocr_par' dir='ltr' id='par_1_35' title="bbox 1064 3932 1852 4091">
     <span class='ocr_line' id='line_1_98' title="bbox 1064 3932 1852 4003; baseline 0.013 -21"><span class='ocrx_word' id='word_1_656' title='bbox 1064 3940 1195 4000; x_wconf 84' lang='lat' dir='ltr'>proroeat</span> <span class='ocrx_word' id='word_1_657' title='bbox 1217 3932 1354 3984; x_wconf 87' lang='lat' dir='ltr'>ltomanos</span> <span class='ocrx_word' id='word_1_658' title='bbox 1375 3932 1410 3984; x_wconf 91' lang='lat' dir='ltr'>ad</span> <span class='ocrx_word' id='word_1_659' title='bbox 1432 3932 1521 3986; x_wconf 90' lang='lat' dir='ltr'>simile</span> <span class='ocrx_word' id='word_1_660' title='bbox 1538 3948 1618 4003; x_wconf 87' lang='lat' dir='ltr'>opus,</span> <span class='ocrx_word' id='word_1_661' title='bbox 1634 3934 1781 3990; x_wconf 87' lang='lat' dir='ltr'>ostendens</span> <span class='ocrx_word' id='word_1_662' title='bbox 1799 3935 1852 3992; x_wconf 90' lang='lat' dir='ltr'>boc</span> 
     </span>
     <span class='ocr_line' id='line_1_99' title="bbox 1064 4021 1507 4091; baseline 0.007 -17"><span class='ocrx_word' id='word_1_663' title='bbox 1064 4021 1117 4077; x_wconf 86' lang='lat' dir='ltr'>illis</span> <span class='ocrx_word' id='word_1_664' title='bbox 1134 4038 1189 4077; x_wconf 92' lang='lat' dir='ltr'>non</span> <span class='ocrx_word' id='word_1_665' title='bbox 1206 4023 1344 4078; x_wconf 80' lang='lat' dir='ltr'>intinerito</span> <span class='ocrx_word' id='word_1_666' title='bbox 1361 4022 1507 4091; x_wconf 88' lang='lat' dir='ltr'>placuisse.</span> 
     </span>
    </p>
   </div>
   <div class='ocr_carea' id='block_1_23' title="bbox 1064 4138 1855 4662">
    <p class='ocr_par' dir='ltr' id='par_1_36' title="bbox 1064 4138 1855 4662">
     <span class='ocr_line' id='line_1_100' title="bbox 1103 4138 1853 4211; baseline 0.012 -21"><span class='ocrx_word' id='word_1_667' title='bbox 1103 4157 1112 4190; x_wconf 92' lang='grc' dir='ltr'>ι</span> <span class='ocrx_word' id='word_1_668' title='bbox 1137 4138 1205 4194; x_wconf 85' lang='lat' dir='ltr'>Nam</span> <span class='ocrx_word' id='word_1_669' title='bbox 1229 4139 1251 4194; x_wconf 91' lang='lat' dir='ltr'>si</span> <span class='ocrx_word' id='word_1_670' title='bbox 1276 4138 1461 4209; x_wconf 90' lang='lat' dir='ltr'>spiritualium</span> <span class='ocrx_word' id='word_1_671' title='bbox 1486 4153 1579 4194; x_wconf 89' lang='lat' dir='ltr'>eornm</span> <span class='ocrx_word' id='word_1_672' title='bbox 1610 4140 1759 4211; x_wconf 87' lang='lat' dir='ltr'>participes</span> <span class='ocrx_word' id='word_1_673' title='bbox 1788 4142 1853 4199; x_wconf 86' lang='lat' dir='ltr'>lacti</span> 
     </span>
     <span class='ocr_line' id='line_1_101' title="bbox 1064 4231 1855 4303; baseline 0.003 -15"><span class='ocrx_word' id='word_1_674' title='bbox 1064 4243 1128 4288; x_wconf 87' lang='lat' dir='ltr'>sunt</span> <span class='ocrx_word' id='word_1_675' title='bbox 1145 4233 1271 4303; x_wconf 88' lang='lat' dir='ltr'>gentiles,</span> <span class='ocrx_word' id='word_1_676' title='bbox 1288 4231 1390 4286; x_wconf 87' lang='lat' dir='ltr'>debent</span> <span class='ocrx_word' id='word_1_677' title='bbox 1416 4240 1444 4287; x_wconf 90' lang='lat' dir='ltr'>ct</span> <span class='ocrx_word' id='word_1_678' title='bbox 1470 4232 1497 4286; x_wconf 92' lang='lat' dir='ltr'>in</span> <span class='ocrx_word' id='word_1_679' title='bbox 1522 4233 1678 4288; x_wconf 86' lang='lat' dir='ltr'>carrralibns</span> <span class='ocrx_word' id='word_1_680' title='bbox 1696 4235 1855 4290; x_wconf 85' lang='lat' dir='ltr'>ministrare</span> 
     </span>
     <span class='ocr_line' id='line_1_102' title="bbox 1065 4326 1854 4398; baseline 0.005 -16"><span class='ocrx_word' id='word_1_681' title='bbox 1065 4328 1130 4382; x_wconf 65' lang='lat' dir='ltr'>elsa</span> <span class='ocrx_word' id='word_1_682' title='bbox 1145 4326 1213 4393; x_wconf 84' lang='lat' dir='ltr'>Quia</span> <span class='ocrx_word' id='word_1_683' title='bbox 1229 4328 1355 4383; x_wconf 87' lang='lat' dir='ltr'>ductores</span> <span class='ocrx_word' id='word_1_684' title='bbox 1370 4343 1402 4383; x_wconf 85' lang='lat' dir='ltr'>ex</span> <span class='ocrx_word' id='word_1_685' title='bbox 1419 4328 1487 4398; x_wconf 88' lang='lat' dir='ltr'>lpsis</span> <span class='ocrx_word' id='word_1_686' title='bbox 1502 4326 1649 4396; x_wconf 72' lang='lat' dir='ltr'>bellabant,</span> <span class='ocrx_word' id='word_1_687' title='bbox 1666 4338 1694 4385; x_wconf 91' lang='lat' dir='ltr'>et</span> <span class='ocrx_word' id='word_1_688' title='bbox 1708 4332 1774 4386; x_wconf 88' lang='lat' dir='ltr'>socii</span> <span class='ocrx_word' id='word_1_689' title='bbox 1787 4331 1854 4386; x_wconf 87' lang='lat' dir='ltr'>lacti</span> 
     </span>
     <span class='ocr_line' id='line_1_103' title="bbox 1066 4419 1852 4494; baseline 0.005 -20"><span class='ocrx_word' id='word_1_690' title='bbox 1066 4419 1175 4474; x_wconf 86' lang='lat' dir='ltr'>lucrant</span> <span class='ocrx_word' id='word_1_691' title='bbox 1207 4419 1316 4485; x_wconf 86' lang='lat' dir='ltr'>radicis,</span> <span class='ocrx_word' id='word_1_692' title='bbox 1347 4429 1375 4474; x_wconf 87' lang='lat' dir='ltr'>et</span> <span class='ocrx_word' id='word_1_693' title='bbox 1399 4419 1572 4490; x_wconf 87' lang='lat' dir='ltr'>pinguedinis</span> <span class='ocrx_word' id='word_1_694' title='bbox 1596 4422 1704 4479; x_wconf 80' lang='lat' dir='ltr'>oltra:</span> <span class='ocrx_word' id='word_1_695' title='bbox 1735 4424 1852 4494; x_wconf 80' lang='lat' dir='ltr'>ideoque</span> 
     </span>
     <span class='ocr_line' id='line_1_104' title="bbox 1067 4510 1855 4584; baseline 0.004 -18"><span class='ocrx_word' id='word_1_696' title='bbox 1067 4510 1254 4581; x_wconf 84' lang='lat' dir='ltr'>nrrrrsqnisqne</span> <span class='ocrx_word' id='word_1_697' title='bbox 1275 4510 1303 4564; x_wconf 91' lang='lat' dir='ltr'>in</span> <span class='ocrx_word' id='word_1_698' title='bbox 1319 4523 1373 4580; x_wconf 87' lang='lat' dir='ltr'>qno</span> <span class='ocrx_word' id='word_1_699' title='bbox 1397 4510 1536 4578; x_wconf 86' lang='lat' dir='ltr'>abundat,</span> <span class='ocrx_word' id='word_1_700' title='bbox 1558 4513 1639 4570; x_wconf 87' lang='lat' dir='ltr'>debet</span> <span class='ocrx_word' id='word_1_701' title='bbox 1655 4515 1734 4569; x_wconf 91' lang='lat' dir='ltr'>alteri</span> <span class='ocrx_word' id='word_1_702' title='bbox 1749 4514 1855 4584; x_wconf 90' lang='lat' dir='ltr'>imper·</span> 
     </span>
     <span class='ocr_line' id='line_1_105' title="bbox 1069 4606 1174 4662; baseline 0.019 -2"><span class='ocrx_word' id='word_1_703' title='bbox 1069 4606 1133 4660; x_wconf 90' lang='lat' dir='ltr'>tire.</span> <span class='ocrx_word' id='word_1_704' title='bbox 1172 4659 1174 4662; x_wconf 86' lang='lat'>.</span> 
     </span>
    </p>
   </div>
   <div class='ocr_carea' id='block_1_24' title="bbox 1067 4715 1858 5241">
    <p class='ocr_par' dir='ltr' id='par_1_37' title="bbox 1067 4715 1858 5241">
     <span class='ocr_line' id='line_1_106' title="bbox 1106 4715 1857 4788; baseline -0.001 -16"><span class='ocrx_word' id='word_1_705' title='bbox 1106 4737 1117 4772; x_wconf 89' lang='grc' dir='ltr'>ι</span> <span class='ocrx_word' id='word_1_706' title='bbox 1133 4716 1189 4784; x_wconf 81' lang='lat' dir='ltr'>lloc</span> <span class='ocrx_word' id='word_1_707' title='bbox 1205 4719 1288 4788; x_wconf 87' lang='lat' dir='ltr'>igitur</span> <span class='ocrx_word' id='word_1_708' title='bbox 1301 4732 1362 4772; x_wconf 90' lang='lat' dir='ltr'>cum</span> <span class='ocrx_word' id='word_1_709' title='bbox 1384 4729 1621 4781; x_wconf 76' lang='lat' dir='ltr'>consummavero,</span> <span class='ocrx_word' id='word_1_710' title='bbox 1641 4723 1669 4770; x_wconf 91' lang='lat' dir='ltr'>et</span> <span class='ocrx_word' id='word_1_711' title='bbox 1680 4715 1857 4785; x_wconf 73' lang='lat' dir='ltr'>assignavero</span> 
     </span>
     <span class='ocr_line' id='line_1_107' title="bbox 1067 4806 1857 4879; baseline -0.009 -12"><span class='ocrx_word' id='word_1_712' title='bbox 1067 4812 1246 4867; x_wconf 89' lang='lat' dir='ltr'>eislructum</span> <span class='ocrx_word' id='word_1_713' title='bbox 1266 4811 1415 4879; x_wconf 74' lang='lat' dir='ltr'>hanepon</span> <span class='ocrx_word' id='word_1_714' title='bbox 1438 4824 1487 4865; x_wconf 85' lang='lat' dir='ltr'>ros</span> <span class='ocrx_word' id='word_1_715' title='bbox 1515 4810 1675 4876; x_wconf 81' lang='lat' dir='ltr'>proficiscar</span> <span class='ocrx_word' id='word_1_716' title='bbox 1701 4811 1727 4862; x_wconf 87' lang='lat' dir='ltr'>io</span> <span class='ocrx_word' id='word_1_717' title='bbox 1759 4806 1857 4879; x_wconf 79' lang='lat' dir='ltr'>llispa·</span> 
     </span>
     <span class='ocr_line' id='line_1_108' title="bbox 1069 4898 1857 4966; baseline -0.005 -10"><span class='ocrx_word' id='word_1_718' title='bbox 1069 4904 1152 4958; x_wconf 82' lang='lat' dir='ltr'>triam.</span> <span class='ocrx_word' id='word_1_719' title='bbox 1173 4921 1182 4954; x_wconf 87' lang='grc' dir='ltr'>ι</span> <span class='ocrx_word' id='word_1_720' title='bbox 1201 4902 1229 4955; x_wconf 82' lang='lat' dir='ltr'>st</span> <span class='ocrx_word' id='word_1_721' title='bbox 1246 4917 1293 4955; x_wconf 85' lang='lat' dir='ltr'>ros</span> <span class='ocrx_word' id='word_1_722' title='bbox 1316 4901 1386 4955; x_wconf 89' lang='lat' dir='ltr'>bene</span> <span class='ocrx_word' id='word_1_723' title='bbox 1401 4900 1591 4966; x_wconf 83' lang='lat' dir='ltr'>csltibucritis‚</span> <span class='ocrx_word' id='word_1_724' title='bbox 1609 4898 1757 4954; x_wconf 85' lang='lat' dir='ltr'>abundabit</span> <span class='ocrx_word' id='word_1_725' title='bbox 1779 4899 1857 4952; x_wconf 89' lang='lat' dir='ltr'>nobis</span> 
     </span>
     <span class='ocr_line' id='line_1_109' title="bbox 1070 4989 1855 5062; baseline -0.01 -12"><span class='ocrx_word' id='word_1_726' title='bbox 1070 4998 1139 5050; x_wconf 83' lang='lat' dir='ltr'>bona</span> <span class='ocrx_word' id='word_1_727' title='bbox 1153 4996 1273 5048; x_wconf 88' lang='lat' dir='ltr'>doctrina</span> <span class='ocrx_word' id='word_1_728' title='bbox 1293 4995 1319 5047; x_wconf 92' lang='lat' dir='ltr'>in</span> <span class='ocrx_word' id='word_1_729' title='bbox 1337 5008 1384 5047; x_wconf 84' lang='lat' dir='ltr'>tos</span> <span class='ocrx_word' id='word_1_730' title='bbox 1401 5007 1408 5048; x_wconf 77' lang='lat'>2</span> <span class='ocrx_word' id='word_1_731' title='bbox 1429 4995 1492 5061; x_wconf 77' lang='lat' dir='ltr'>quita</span> <span class='ocrx_word' id='word_1_732' title='bbox 1506 5002 1637 5062; x_wconf 85' lang='lat' dir='ltr'>qttarrtnm</span> <span class='ocrx_word' id='word_1_733' title='bbox 1651 4990 1757 5060; x_wconf 88' lang='lat' dir='ltr'>prolicit</span> <span class='ocrx_word' id='word_1_734' title='bbox 1771 4989 1855 5043; x_wconf 82' lang='lat' dir='ltr'>disci·</span> 
     </span>
     <span class='ocr_line' id='line_1_110' title="bbox 1070 5083 1854 5159; baseline -0.01 -18"><span class='ocrx_word' id='word_1_735' title='bbox 1070 5089 1162 5159; x_wconf 90' lang='lat' dir='ltr'>pulus,</span> <span class='ocrx_word' id='word_1_736' title='bbox 1181 5097 1287 5140; x_wconf 80' lang='lat' dir='ltr'>tatarum</span> <span class='ocrx_word' id='word_1_737' title='bbox 1302 5092 1468 5156; x_wconf 82' lang='lat' dir='ltr'>prosecatur</span> <span class='ocrx_word' id='word_1_738' title='bbox 1482 5085 1516 5138; x_wconf 90' lang='lat' dir='ltr'>ad</span> <span class='ocrx_word' id='word_1_739' title='bbox 1541 5083 1692 5138; x_wconf 86' lang='lat' dir='ltr'>‹locendmu</span> <span class='ocrx_word' id='word_1_740' title='bbox 1708 5094 1736 5134; x_wconf 90' lang='lat' dir='ltr'>et</span> <span class='ocrx_word' id='word_1_741' title='bbox 1748 5083 1854 5134; x_wconf 89' lang='lat' dir='ltr'>doctor.</span> 
     </span>
     <span class='ocr_line' id='line_1_111' title="bbox 1071 5171 1858 5241; baseline -0.011 -8"><span class='ocrx_word' id='word_1_742' title='bbox 1071 5178 1149 5233; x_wconf 86' lang='lat' dir='ltr'>Sient</span> <span class='ocrx_word' id='word_1_743' title='bbox 1161 5177 1225 5231; x_wconf 90' lang='lat' dir='ltr'>alibi</span> <span class='ocrx_word' id='word_1_744' title='bbox 1241 5179 1278 5232; x_wconf 89' lang='lat' dir='ltr'>ait</span> <span class='ocrx_word' id='word_1_745' title='bbox 1291 5192 1299 5233; x_wconf 75' lang='grc' dir='ltr'>ι</span> <span class='ocrx_word' id='word_1_746' title='bbox 1313 5174 1348 5230; x_wconf 83' lang='lat' dir='ltr'>Oa</span> <span class='ocrx_word' id='word_1_747' title='bbox 1364 5187 1482 5228; x_wconf 84' lang='lat' dir='ltr'>nostrum</span> <span class='ocrx_word' id='word_1_748' title='bbox 1497 5183 1568 5241; x_wconf 83' lang='lat' dir='ltr'>putet</span> <span class='ocrx_word' id='word_1_749' title='bbox 1582 5173 1616 5226; x_wconf 82' lang='lat' dir='ltr'>uui</span> <span class='ocrx_word' id='word_1_750' title='bbox 1634 5187 1715 5239; x_wconf 85' lang='lat' dir='ltr'>ros,o</span> <span class='ocrx_word' id='word_1_751' title='bbox 1729 5171 1858 5227; x_wconf 81' lang='lat' dir='ltr'>Curiatlrii</span> 
     </span>
    </p>
   </div>
   <div class='ocr_carea' id='block_1_25' title="bbox 986 5261 1858 5342">
    <p class='ocr_par' dir='ltr' id='par_1_38' title="bbox 986 5261 1858 5342">
     <span class='ocr_line' id='line_1_112' title="bbox 986 5261 1858 5342; baseline -0.008 -18"><span class='ocrx_word' id='word_1_752' title='bbox 986 5308 989 5315; x_wconf 82' lang='lat'><em>·</em></span> <span class='ocrx_word' id='word_1_753' title='bbox 1072 5268 1315 5342; x_wconf 73' lang='lat' dir='ltr'>(iterumn).</span> <span class='ocrx_word' id='word_1_754' title='bbox 1345 5266 1417 5333; x_wconf 78' lang='lat' dir='ltr'>Siue,</span> <span class='ocrx_word' id='word_1_755' title='bbox 1442 5267 1612 5322; x_wconf 87' lang='lat' dir='ltr'>abundanter</span> <span class='ocrx_word' id='word_1_756' title='bbox 1639 5265 1808 5320; x_wconf 87' lang='lat' dir='ltr'>berredicitnr</span> <span class='ocrx_word' id='word_1_757' title='bbox 1829 5261 1858 5317; x_wconf 87' lang='lat' dir='ltr'>in</span> 
     </span>
    </p>
   </div>
   <div class='ocr_carea' id='block_1_26' title="bbox 1070 5360 1858 5893">
    <p class='ocr_par' dir='ltr' id='par_1_39' title="bbox 1071 5360 1551 5418">
     <span class='ocr_line' id='line_1_113' title="bbox 1071 5360 1551 5418; baseline -0.008 -1"><span class='ocrx_word' id='word_1_758' title='bbox 1071 5363 1189 5418; x_wconf 81' lang='lat' dir='ltr'>adventu</span> <span class='ocrx_word' id='word_1_759' title='bbox 1204 5377 1264 5416; x_wconf 79' lang='lat' dir='ltr'>tineo</span> <span class='ocrx_word' id='word_1_760' title='bbox 1281 5361 1408 5417; x_wconf 78' lang='lat' dir='ltr'>cbristus</span> <span class='ocrx_word' id='word_1_761' title='bbox 1420 5361 1447 5415; x_wconf 90' lang='lat' dir='ltr'>in</span> <span class='ocrx_word' id='word_1_762' title='bbox 1465 5360 1551 5414; x_wconf 84' lang='lat' dir='ltr'>uobis.</span> 
     </span>
    </p>

    <p class='ocr_par' dir='ltr' id='par_1_40' title="bbox 1070 5446 1858 5893">
     <span class='ocr_line' id='line_1_114' title="bbox 1110 5446 1858 5523; baseline -0.011 -17"><span class='ocrx_word' id='word_1_763' title='bbox 1110 5473 1119 5506; x_wconf 92' lang='grc' dir='ltr'>ι</span> <span class='ocrx_word' id='word_1_764' title='bbox 1138 5454 1201 5509; x_wconf 86' lang='lat' dir='ltr'>Scio</span> <span class='ocrx_word' id='word_1_765' title='bbox 1223 5462 1315 5508; x_wconf 88' lang='lat' dir='ltr'>autem</span> <span class='ocrx_word' id='word_1_766' title='bbox 1329 5455 1458 5523; x_wconf 80' lang='lat' dir='ltr'>qnondam</span> <span class='ocrx_word' id='word_1_767' title='bbox 1472 5451 1585 5506; x_wconf 76' lang='lat' dir='ltr'>terricus</span> <span class='ocrx_word' id='word_1_768' title='bbox 1604 5449 1637 5504; x_wconf 90' lang='lat' dir='ltr'>ad</span> <span class='ocrx_word' id='word_1_769' title='bbox 1653 5462 1713 5514; x_wconf 87' lang='lat' dir='ltr'>ros,</span> <span class='ocrx_word' id='word_1_770' title='bbox 1730 5446 1758 5502; x_wconf 91' lang='lat' dir='ltr'>in</span> <span class='ocrx_word' id='word_1_771' title='bbox 1773 5446 1858 5500; x_wconf 89' lang='lat' dir='ltr'>abun-</span> 
     </span>
     <span class='ocr_line' id='line_1_115' title="bbox 1071 5539 1858 5602; baseline -0.01 0"><span class='ocrx_word' id='word_1_772' title='bbox 1071 5546 1166 5602; x_wconf 89' lang='lat' dir='ltr'>dantia</span> <span class='ocrx_word' id='word_1_773' title='bbox 1195 5546 1395 5602; x_wconf 89' lang='lat' dir='ltr'>benedictionis</span> <span class='ocrx_word' id='word_1_774' title='bbox 1427 5543 1530 5600; x_wconf 78' lang='lat' dir='ltr'>Christi</span> <span class='ocrx_word' id='word_1_775' title='bbox 1562 5543 1681 5597; x_wconf 81' lang='lat' dir='ltr'>vertiam.</span> <span class='ocrx_word' id='word_1_776' title='bbox 1712 5558 1721 5592; x_wconf 92' lang='lat' dir='ltr'>t</span> <span class='ocrx_word' id='word_1_777' title='bbox 1762 5539 1858 5594; x_wconf 87' lang='lat' dir='ltr'>Sciens</span> 
     </span>
     <span class='ocr_line' id='line_1_116' title="bbox 1070 5629 1857 5711; baseline -0.014 -15"><span class='ocrx_word' id='word_1_778' title='bbox 1070 5640 1229 5711; x_wconf 78' lang='lat' dir='ltr'>Apostolus,</span> <span class='ocrx_word' id='word_1_779' title='bbox 1250 5639 1376 5708; x_wconf 86' lang='lat' dir='ltr'>quoniam</span> <span class='ocrx_word' id='word_1_780' title='bbox 1399 5645 1509 5707; x_wconf 88' lang='lat' dir='ltr'>propter·</span> <span class='ocrx_word' id='word_1_781' title='bbox 1524 5633 1743 5704; x_wconf 76' lang='lat' dir='ltr'>pradicationem</span> <span class='ocrx_word' id='word_1_782' title='bbox 1754 5629 1857 5685; x_wconf 86' lang='lat' dir='ltr'>Cirrisli</span> 
     </span>
     <span class='ocr_line' id='line_1_117' title="bbox 1074 5722 1858 5792; baseline -0.011 -5"><span class='ocrx_word' id='word_1_783' title='bbox 1074 5732 1189 5787; x_wconf 80' lang='lat' dir='ltr'>lloumm</span> <span class='ocrx_word' id='word_1_784' title='bbox 1221 5731 1325 5786; x_wconf 82' lang='lat' dir='ltr'>tinctus</span> <span class='ocrx_word' id='word_1_785' title='bbox 1353 5728 1497 5785; x_wconf 86' lang='lat' dir='ltr'>ducendus</span> <span class='ocrx_word' id='word_1_786' title='bbox 1527 5736 1608 5792; x_wconf 91' lang='lat' dir='ltr'>erat,</span> <span class='ocrx_word' id='word_1_787' title='bbox 1638 5727 1665 5780; x_wconf 91' lang='lat' dir='ltr'>ln</span> <span class='ocrx_word' id='word_1_788' title='bbox 1690 5722 1858 5779; x_wconf 82' lang='lat' dir='ltr'>abnndantia</span> 
     </span>
     <span class='ocr_line' id='line_1_118' title="bbox 1073 5814 1857 5893; baseline -0.02 -11"><span class='ocrx_word' id='word_1_789' title='bbox 1073 5825 1271 5883; x_wconf 84' lang='lat' dir='ltr'>benedictionis</span> <span class='ocrx_word' id='word_1_790' title='bbox 1283 5823 1412 5893; x_wconf 67' lang='lat' dir='ltr'>irradient</span> <span class='ocrx_word' id='word_1_791' title='bbox 1424 5835 1454 5880; x_wconf 91' lang='lat' dir='ltr'>se</span> <span class='ocrx_word' id='word_1_792' title='bbox 1468 5834 1529 5878; x_wconf 85' lang='lat' dir='ltr'>esse</span> <span class='ocrx_word' id='word_1_793' title='bbox 1541 5829 1696 5875; x_wconf 84' lang='lat' dir='ltr'>rcrrtmunr.</span> <span class='ocrx_word' id='word_1_794' title='bbox 1709 5814 1757 5874; x_wconf 89' lang='lat' dir='ltr'>llcl</span> <span class='ocrx_word' id='word_1_795' title='bbox 1770 5826 1857 5883; x_wconf 86' lang='lat' dir='ltr'>corre,</span> 
     </span>
    </p>
   </div>
   <div class='ocr_carea' id='block_1_27' title="bbox 0 0 2087 6434">
    <p class='ocr_par' dir='ltr' id='par_1_41' title="bbox 0 0 2087 6434">
     <span class='ocr_line' id='line_1_119' title="bbox 0 0 2087 6434; baseline 0 0"><span class='ocrx_word' id='word_1_796' title='bbox 0 0 2087 6434; x_wconf 95' lang='lat' dir='ltr'> </span> 
     </span>
    </p>
   </div>
  </div>
 </body>
</html>
