4109 6434
203 429 261 495 823

679 427 708 489 S.
733 416 955 488 ttttt'ttoxttttt
976 426 1135 486 onetttttt
1159 424 1363 490 stabntssb

1784 419 1843 487 tat

204 564 278 621 sepe
294 550 415 607 virorum
431 549 582 616 laboribus,
600 556 628 606 et
643 548 715 604 inter
726 548 852 618 crapulas
866 558 893 604 et
907 549 995 604 ebrie·
1011 563 1033 615 g
1048 550 1122 602 ontni
1139 557 1263 617 ternpore
1279 549 1351 617 loqui
1372 562 1425 602 nou
1449 547 1561 603 deceat:
1578 548 1629 602 nisi
1657 562 1688 601 ea
1713 547 1747 602 ad
1778 562 1846 616 guar

205 656 275 699 tates
288 653 429 699 rttctarttes
454 642 562 707 lauces,
592 642 707 712 spiritns
731 643 901 698 dulcedinem
926 657 994 711 prte-

205 737 308 791 dicant.
322 735 486 804 Proponitur
500 734 599 789 iterum
618 744 701 803 atque
713 735 812 788 iterum
827 732 893 788 illud
921 736 991 804 apo·

206 828 267 883 stoli
280 844 288 878 a
303 827 380 890 Quod
397 828 487 880 narnia
506 825 605 880 ntrtndo
630 827 737 880 nuntia
751 826 816 896 (lit.
833 843 853 890 r,
874 827 930 896 tet.
958 824 995 879 ile

207 919 307 972 talibus
322 917 396 986 loqui
414 915 490 971 netas
504 926 558 982 est,
570 925 597 970 et
611 918 679 985 prob
694 916 800 985 pudori
832 913 884 970 Sed
914 916 994 984 cupio

208 1009 255 1063 [lei
278 1008 469 1063 servitricibus
485 1008 613 1078 detegere
631 1023 726 1064 omnes
744 1014 820 1063 artes
834 1008 946 1074 diaboli,
967 1016 995 1062 ut

207 1100 275 1154 tritril
291 1100 361 1154 desit
376 1099 449 1166 qnod
463 1101 554 1154 careri
576 1101 674 1169 possit.

490 1253 606 1311 CAPUT
624 1251 708 1311 xxtl.

243 1343 280 1398 be
291 1343 409 1410 silentio,
419 1345 546 1416 atttetnr
555 1357 579 1399 et
591 1347 662 1400 lroris
671 1347 765 1400 deditis
776 1347 958 1402 obseruandia.

244 1455 305 1508 llee
320 1456 412 1524 itaque
427 1458 530 1524 onrnia,
558 1472 666 1527 sponsat
682 1457 729 1512 Dei
759 1459 875 1522 dilectae,
903 1457 996 1527 procnl

208 1548 350 1617 expellite:
367 1549 394 1602 in
411 1549 599 1603 ltisdiabolnm
612 1552 768 1618 cognoscite
782 1551 994 1620 principantem.

209 1637 284 1691 luter
309 1652 357 1692 ros
383 1652 523 1705 nunqnam
560 1638 595 1693 de
622 1641 675 1693 rita
695 1640 848 1709 disputetur
874 1640 995 1693 alterins.

210 1726 317 1780 biaueat
341 1727 434 1781 divino
461 1728 582 1784 canuslni
611 1744 690 1784 omne
707 1731 852 1799 indicium.
882 1728 996 1787 Peccata

213 1828 303 1872 restra
319 1819 494 1888 cognoscite:
519 1821 618 1874 delicta
629 1833 719 1876 restra
744 1823 858 1891 plorate.
870 1820 995 1876 Omnium

212 1904 288 1959 robis
320 1908 384 1970 rita,
413 1908 568 1962 sanctitatis
591 1911 746 1976 exemplum
771 1922 911 1980 appareat.
945 1911 1037 1971 l'nsB

212 1997 348 2052 universis
370 1998 504 2052 aestirnate
521 1999 648 2068 pejores:
675 2001 715 2054 sic
740 2004 844 2070 puritas
863 2003 998 2058 rncntibrts

214 2086 311 2140 restris
328 2086 472 2149 inlraereat,
489 2096 519 2141 ut
531 2087 650 2155 cogitare
673 2088 708 2141 sit
725 2088 866 2156 imlecerrs,
882 2102 909 2145 et
937 2105 997 2144 ere·

212 2176 276 2231 dere
294 2175 381 2242 nelas,
397 2177 515 2247 aliquem
533 2188 643 2248 prepter
658 2194 705 2233 rus
721 2195 801 2250 posse
821 2197 945 2249 peecare,

247 2267 371 2335 siquem
396 2267 475 2322 attunt
502 2267 691 2323 detrahentem
727 2272 881 2336 audieritis,
908 2273 999 2342 ptoenl

212 2359 358 2428 fugientes,
389 2360 520 2415 dimittite
537 2372 563 2413 ut
587 2369 760 2431 serpentem:
781 2373 809 2417 ut
835 2367 997 2419 verecundia

212 2453 312 2512 rietus,
328 2452 416 2505 tlisrat
442 2453 475 2504 de
501 2451 579 2506 lactis
597 2453 712 2505 aliorum
741 2454 832 2508 silere.
857 2455 1001 2508 llnlicrcu·

212 2539 300 2593 larum
313 2538 493 2609 quarumdam
504 2539 574 2592 solet
590 2543 651 2594 ess'e
666 2542 763 2605 tueris,
794 2555 822 2594 ιιι
854 2544 998 2609 plurimum

214 2639 261 2683 aut
281 2630 523 2699 senmorgmrntae,
545 2631 612 2684 nibil
625 2643 760 2686 secret-aur
779 2636 897 2688 babeant
926 2639 998 2705 qnod

213 2721 348 2775 audinrttt
366 2721 420 2774 imo
454 2723 544 2790 potius
572 2725 644 2791 quod
655 2740 726 2794 sape
743 2729 879 2791 nesciunt,
894 2729 998 2795 dicant,

216 2811 337 2879 nibllque
353 2812 473 2867 scandali
501 2815 680 2870 seminarium
701 2831 801 2871 norunt
819 2820 933 2874 taetrum
959 2831 999 2875 te·

216 2915 300 2957 neret
317 2902 382 2957 hino
402 2905 464 2958 inde
482 2915 529 2958 ant
541 2906 709 2974 proterentes
723 2909 803 2962 rerba
819 2912 927 2974 arecira,
954 2923 1000 2966 ant

215 2996 383 3052 seminantes
401 2998 580 3062 discordiam,
598 3010 645 3054 aut
663 3001 806 3055 audientes
818 3003 886 3058 alius
903 3007 935 3058 att
952 3007 1001 3058 dx:-

214 3089 376 3143 tractionem
393 3091 525 3144 incitant:
540 3103 586 3144 aut
609 3093 754 3147 malerlicta
773 3094 951 3159 confirmant,
971 3108 1000 3150 nt

214 3179 332 3249 duplicis
357 3180 449 3235 delicti
475 3197 529 3236 reat
560 3184 722 3238 ltnbeatttttr.
741 3184 771 3239 ln
790 3187 839 3240 lrnt:
864 3201 998 3241 enitterrtu

1048 639 1174 694 ordinata
1188 648 1251 694 sunt
1265 640 1323 694 loca
1342 641 1370 693 in
1385 640 1513 694 laudibus
1530 639 1596 692 Ilei:
1616 649 1644 691 nt
1655 640 1712 709 janr
1729 650 1759 692 et
1772 651 1844 692 tern-

1048 748 1098 803 pus
1111 740 1138 786 et
1153 733 1229 786 locus
1242 731 1382 797 religionis
1391 740 1487 786 restrae
1498 731 1644 800 praedicent
1653 730 1844 795 scurrilitatem,

1048 834 1076 878 et
1096 824 1256 892 loquacibus
1271 825 1511 893 compunctionem
1528 823 1664 892 ingerant.
1675 833 1703 875 et
1718 821 1843 877 intrandi

1048 914 1082 968 ad
1099 915 1259 969 societatem
1274 924 1406 980 cestram,
1425 924 1519 970 sancta
1549 913 1685 971 desideria
1714 914 1843 980 itaciteut,

1049 1016 1076 1062 et
1086 1006 1200 1063 adectus
1215 1010 1247 1062 ad
1263 1006 1385 1062 celestia
1399 1017 1570 1065 rnoreatrtnt.

1329 1160 1446 1217 CAPUT
1466 1160 1561 1220 xxttt.

1170 1273 1208 1327 Ds
1226 1274 1404 1345 resternatiorre
1421 1274 1519 1345 tingue
1534 1276 1561 1329 in
1576 1276 1720 1347 loquendo.

1083 1407 1273 1479 Nequaquam,
1287 1410 1470 1474 charissime,
1486 1408 1605 1467 lacobus
1617 1413 1760 1484 apostolus
1789 1430 1839 1470 exo

1051 1501 1211 1566 perictrtiam
1230 1511 1347 1570 poneret
1361 1501 1501 1570 religionis
1522 1504 1549 1558 ιιι
1572 1502 1759 1560 relrenatinne
1788 1509 1841 1560 lin·

1051 1605 1119 1656 gnae,
1139 1590 1189 1645 nisi
1204 1602 1279 1645 certo
1293 1592 1378 1645 sciret
1391 1591 1505 1655 indicio,
1533 1594 1606 1662 quod
1627 1608 1701 1649 mora
1733 1607 1761 1652 et
1785 1596 1839 1650 rita
1864 1649 1868 1657 ,

1050 1691 1092 1736 est
1108 1680 1136 1735 in
1155 1685 1281 1738 manibus
1297 1684 1407 1753 linguae.
1428 1683 1550 1746 Narmal
1579 1686 1677 1753 innuit,
1693 1703 1757 1742 etrtta
1782 1690 1840 1757 ipsa

1052 1773 1237 1828 benedicimus
1258 1784 1284 1828 et
1301 1775 1489 1829 maledicimus
1506 1775 1604 1830 [letrau.
1621 1777 1767 1848 brnprerea
1778 1789 1840 1850 past

1051 1862 1226 1931 turritaque
1255 1867 1288 1917 tle
1315 1862 1407 1930 lingua
1424 1867 1661 1933 pronuntiaverat,
1691 1872 1838 1937 qtrarurtaaa

1051 1968 1083 2006 cr
1103 1954 1231 2007 otmribrra
1252 1953 1332 2006 dietis
1347 1955 1498 2022 generalem
1517 1957 1721 2012 conclusionem
1737 1959 1837 2015 interr:

1051 2045 1214 2111 Qnicnrrqne,
1234 2045 1333 2112 iuquit,
1357 2046 1476 2109 ralrmrat
1488 2046 1607 2118 linguam
1618 2064 1705 2114 annm,
1722 2050 1765 2104 tn'c
1776 2051 1839 2107 lca·

1051 2146 1092 2187 tna
1108 2137 1216 2204 irtftrcto
1252 2153 1300 2189 ano
1322 2139 1382 2193 etdt.
1409 2139 1479 2193 Ecce
1505 2141 1577 2209 qtrod
1602 2142 1627 2195 iu
1653 2141 1840 2219 relrerrnliotre

1052 2228 1149 2293 tregua·
1166 2229 1304 2283 beatitudo
1333 2230 1460 2299 ponitur:
1480 2243 1509 2286 ut
1524 2233 1604 2287 detur
1624 2235 1738 2307 intelligi
1758 2238 1832 2307 quod

1052 2321 1077 2370 in
1092 2319 1266 2388 multiloquio
1282 2321 1363 2383 bens,
1387 2323 1432 2390 qui
1448 2332 1489 2377 est
1507 2324 1645 2380 beatitudo
1668 2335 1774 2394 nostra,
1794 2330 1841 2383 lra-

1052 2412 1107 2463 lteri
1124 2422 1150 2465 et
1165 2411 1344 2480 contemplari
1364 2427 1418 2466 nort
1437 2423 1540 2482 potest.
1555 2413 1712 2472 lielrenatio
1741 2417 1840 2488 linguas

1050 2494 1184 2564 est,'cunt
1203 2503 1298 2572 linguae
1326 2517 1386 2572 qnae
1415 2505 1505 2558 essrti
1531 2509 1597 2561 vitto
1613 2524 1722 2578 semper
1752 2527 1839 2580 prona

1051 2606 1090 2648 est
1116 2597 1148 2648 at
1172 2596 1312 2650 uternlacia
1341 2597 1424 2663 (rrnde
1453 2609 1480 2651 et
1497 2599 1640 2653 mendaces
1664 2601 1839 2670 appellantur

1053 2687 1187 2752 ltotttittes',
1207 2698 1234 2742 el
1245 2688 1306 2740 tratti
1324 2686 1372 2741 filii
1389 2689 1556 2758 ltotnlttttrtt),
1569 2701 1617 2746 attt
1632 2693 1772 2748 silentium
1788 2696 1839 2750 int·

1052 2780 1171 2845 partitur,
1190 2794 1223 2832 tte
1241 2780 1266 2832 iu
1284 2779 1486 2847 displicentiam
1516 2781 1562 2836 bei
1582 2798 1761 2853 prorumpere
1787 2801 1840 2842 ao·

1051 2868 1132 2922 dent:
1151 2879 1199 2923 ant
1212 2870 1246 2924 ad
1263 2872 1362 2925 bonum
1377 2880 1549 2939 exerceatur,
1564 2884 1594 2928 ot
1607 2875 1714 2931 ‹ttrtuas
1743 2876 1841 2934 landes

1052 2962 1189 3016 ressnltat.

1088 3074 1133 3128 Sic
1149 3075 1240 3143 igion,
1258 3077 1428 3130 ctrartssirna
1443 3088 1470 3134 ct
1484 3078 1670 3138 dilectissimae
1686 3082 1761 3148 [iliae.
1774 3093 1841 3141 tem·

1053 3165 1164 3230 poribus
1186 3167 1284 3234 quibus
1302 3177 1449 3236 prestatur
1473 3174 1674 3240 opportunitas,
1705 3184 1734 3228 ut
1755 3175 1841 3231 beatas

215 3272 376 3325 arn-illarum
397 3270 455 3338 Dei,
475 3272 621 3327 rnutiebrts
648 3277 898 3345 otrrrtisexpt·¹ll.atra.·
923 3279 983 3330 itttlr
1014 3258 1252 3325 0⁶⁸²⁰d⁰⁸³5¹i⁵r
1271 3260 1377 3328 ¹5¹¹ss¹¹³⁵
1393 3261 1512 3327 d⁰¹⁰³str
1530 3279 1565 3317 ¹¹⁰
1588 3277 1785 3322 milleium?
1805 3268 1841 3324 ⁸⁴¹

214 3363 306 3418 aritae.
322 3360 387 3416 illud
400 3363 494 3418 iacobi
520 3366 633 3419 terbum
653 3366 680 3419 in
712 3367 796 3420 corde
815 3382 905 3421 restro
930 3371 999 3422 turtl-

216 3456 294 3508 toties
311 3464 448 3522 repetatur
463 3456 489 3508 in
503 3455 565 3510 dle:
590 3455 619 3510 Si
633 3458 691 3527 qnia
703 3470 778 3523 prntnt
798 3477 825 3512 ar
844 3461 996 3529 relrpiornm

214 3559 281 3610 rare,
295 3561 347 3598 non
363 3544 500 3613 refrenans
515 3547 633 3617 lingnam
649 3565 739 3613 stram,
755 3552 800 3604 ard
814 3553 1001 3627 seducens-cor

215 3651 310 3688 aarum:
333 3636 412 3703 lttrjtta
437 3651 504 3689 nono
518 3647 557 3690 eat
582 3636 673 3708 religio
691 3638 763 3708 (lae.
781 3655 800 3704 t,
821 3640 877 3712 att).
894 3641 1001 3712 Religio

216 3727 298 3795 igitur
325 3736 420 3779 sancta
452 3741 504 3780 nort
530 3738 618 3797 potest
636 3729 738 3782 esseio
756 3732 926 3798 loquacibus,
941 3748 1000 3799 que

215 3816 291 3870 nntlo
307 3826 422 3886 possunt
435 3826 556 3886 tempore
570 3817 665 3883 silere,
678 3834 727 3874 neo
741 3821 880 3875 abstinere
893 3825 928 3875 ab
939 3826 999 3876 inu·

214 3909 305 3963 tilibns
319 3910 418 3964 serbis.
436 3909 473 3963 Ex
489 3910 541 3963 troc
552 3910 624 3963 enirn
638 3913 665 3964 ln
680 3926 773 3966 cremo
789 3914 876 3966 sarreti
900 3913 995 3969 Patres

213 3997 317 4065 edocti,
338 4014 443 4054 suranna
470 4015 532 4054 eum
563 4001 706 4070 diligentia
732 4002 879 4057 observant
902 4020 998 4060 sancta

213 4089 346 4155 silentia,
385 4099 514 4160 tanquam
541 4104 643 4147 sancta·
672 4097 911 4165 contemplationis
933 4113 999 4152 cau·

213 4194 282 4235 asrn.

248 4273 343 4327 Plures
356 4288 400 4328 me
417 4276 550 4344 reperisse
567 4291 620 4331 non
636 4279 755 4349 ambigo,
773 4283 818 4348 qui
833 4295 880 4350 per
892 4291 1000 4351 septen·

213 4364 290 4419 niutn
307 4364 410 4418 nullutn
425 4382 536 4435 prorsus
553 4371 664 4424 verbum
681 4369 785 4426 bomini
801 4373 883 4428 alteri
896 4376 998 4429 eurise·

213 4465 292 4510 rant:
306 4460 424 4512 scientes
441 4462 514 4528 quod
527 4475 581 4514 non
598 4466 625 4516 ln
652 4466 836 4519 commotione
864 4469 998 4522 burnirrus

214 4550 418 4618 potestlraberi.
438 4552 585 4622 Propterea
607 4553 679 4620 roto,
699 4555 882 4622 charissima,
910 4567 940 4612 ut
968 4559 997 4613 iu

213 4652 349 4696 conventu
374 4653 478 4709 restro,
504 4654 608 4701 terant
634 4650 737 4716 pluries
759 4648 787 4701 ln
818 4650 999 4714 bebdomada,

212 4739 331 4803 exceptis
349 4733 554 4800 lestitrtatibus,
569 4736 644 4807 loqui
660 4739 785 4804 omnino,
801 4741 855 4796 uisi
885 4749 1000 4814 urgente

212 4841 294 4883 eausa
312 4828 420 4898 perutili
433 4839 461 4883 et
476 4832 648 4894 necessaria,
665 4833 822 4887 nullatcnus
837 4831 929 4897 liceat,
949 4851 999 4892 neo

211 4917 303 4982 sirunl,
318 4933 367 4973 neo
382 4932 446 4972 curn
460 4919 521 4972 attis
533 4929 624 4974 extra.
639 4920 738 4976 [liebus
766 4936 830 4977 vem
861 4927 999 4993 omuibus,

210 5011 311 5081 quibos
327 5020 355 5066 et
371 5026 421 5080 pro
439 5012 572 5079 remedio,
584 5023 611 5067 et
630 5029 678 5084 pro
691 5016 781 5070 salute
804 5017 874 5086 loqui
902 5033 1000 5073 corree-

211 5106 295 5166 ditrrr,
315 5118 369 5158 ttott
385 5103 502 5173 singulis
513 5105 589 5160 lteris
606 5110 753 5161 vacandum
771 5110 999 5180 certantisque

210 5198 255 5251 ris
267 5195 383 5265 proferri
401 5199 461 5253 sine
472 5209 585 5268 peccato
597 5213 726 5270 possunt:
743 5203 790 5256 sed
802 5203 860 5256 baeu
887 5204 999 5257 incluta·

211 5288 273 5343 bilis
299 5289 454 5346 observatio
469 5291 569 5360 rigeat,
584 5295 655 5361 quud
669 5293 783 5364 singulis
796 5295 921 5349 noctibus
937 5307 999 5364 post

210 5390 346 5448 peractam
361 5381 456 5436 boram
466 5381 653 5453 completorii,
667 5399 751 5455 usque
762 5394 823 5457 post
838 5386 956 5449 blisaam,
972 5396 1000 5442 et

210 5487 225 5524 a
243 5471 343 5528 Tertiis
353 5489 439 5544 usque
466 5475 501 5530 ad
523 5473 640 5543 Nouarn,
657 5492 734 5532 sacra
760 5478 940 5534 observentur
961 5481 1000 5534 si·

209 5561 293 5617 lentia
309 5577 317 5617 :
332 5574 465 5632 quatenus
480 5575 508 5619 et
520 5554 622 5635 'liuguae
645 5565 729 5621 ileum
753 5566 883 5622 laudanrll
899 5584 999 5625 coneo·

210 5660 292 5710 datur
308 5659 514 5725 opportunitas,
530 5669 557 5713 et
586 5660 690 5713 iunt'tlia
713 5665 794 5715 rerba
821 5662 929 5728 pronitus
951 5665 998 5719 ab·

209 5749 380 5805 scindantur.
391 5751 420 5806 ln
433 5754 518 5808 clroro
530 5766 594 5809 tero
606 5751 734 5808 Ecclesiae
748 5753 896 5810 additinas
906 5758 999 5813 laudes

210 5850 317 5907 parato,
332 5841 504 5908 dormitorio,
521 5844 812 5912 coerraculn,clauatro,
828 5848 998 5917 aceepitnlo,

1053 3348 1125 3415 lites,
1147 3366 1180 3403 rte
1203 3350 1305 3420 lurgis,
1327 3357 1528 3418 contentiones,
1550 3357 1633 3420 ritas.
1660 3368 1689 3413 et
1712 3361 1843 3417 scandala

1052 3454 1200 3497 resonent:
1224 3445 1435 3512 rrejttratnenta,
1465 3462 1497 3500 tte
1512 3449 1705 3518 blasptrernias,
1732 3467 1768 3508 tte
1792 3470 1841 3526 op-

1052 3535 1173 3601 probria,
1194 3547 1220 3590 et
1236 3536 1352 3590 aliorum
1386 3538 1585 3605 displicentiam
1614 3545 1741 3610 ptotlartt.
1764 3548 1841 3613 Quod

1052 3626 1075 3678 si
1093 3639 1124 3677 ex
1141 3625 1271 3680 instinctu
1288 3627 1401 3693 diaboli,
1420 3632 1466 3699 qui
1483 3618 1592 3700 semper
1615 3635 1770 3693 discordias
1793 3654 1837 3694 se·

1053 3717 1149 3782 minat,
1167 3719 1238 3772 inter
1256 3734 1365 3772 sorores
1389 3721 1458 3776 letis
1481 3725 1563 3777 etiarn
1584 3726 1718 3782 dissensio
1744 3743 1840 3784 exorta

1052 3809 1145 3870 tuerit,
1160 3806 1268 3875 penitus
1281 3809 1373 3861 statim
1387 3824 1434 3878 per
1448 3811 1627 3876 abbatissam,
1643 3824 1688 3868 aut
1720 3831 1770 3886 pet·
1783 3818 1842 3888 epi·

1059 3912 1185 3967 scopum,
1204 3899 1262 3952 sire
1276 3903 1449 3969 prepositum
1463 3894 1571 3970 domus,
1587 3907 1709 3977 nequitia
1722 3910 1842 3966 elidatur

1052 3990 1079 4042 in
1097 3990 1212 4057 semine,
1234 3992 1271 4046 ita
1289 4004 1316 4044 ut
1331 4008 1445 4048 occasus
1469 3996 1535 4051 solis
1554 3998 1580 4052 in
1604 3999 1686 4054 domo
1712 3999 1761 4057 Dei
1785 4018 1841 4060 non

1052 4084 1171 4138 inueniat
1185 4084 1366 4152 iracundiam,
1380 4097 1407 4140 et
1421 4087 1460 4141 ira
1475 4100 1651 4146 emarertatur
1677 4094 1702 4148 in
1733 4095 1841 4164 odium,

1050 4185 1078 4228 et
1097 4163 1194 4228 deutrus
1204 4177 1276 4244 pacis
1288 4177 1343 4246 iam
1354 4178 1524 4234 ebriosorum
1545 4181 1679 4240 elliciatnr
1709 4189 1840 4248 taberna.

1051 4266 1190 4322 blendacia
1206 4283 1270 4324 reru
1294 4281 1422 4339 tanquam
1458 4273 1594 4330 internum
1611 4278 1749 4349 expellite.
1762 4280 1842 4338 Seur-

1052 4370 1202 4426 perantem
1218 4359 1309 4416 divina
1338 4364 1438 4428 ollicia,
1472 4375 1521 4421 aut
1547 4382 1688 4424 sacrorum
1713 4373 1843 4430 codienst

1052 4453 1144 4517 verba,
1162 4461 1216 4507 tarn
1248 4455 1456 4523 itttersurorcs,
1478 4474 1559 4527 qrtaru
1579 4462 1661 4517 etiarn
1690 4462 1764 4522 tuter
1794 4468 1843 4522 atl-

1051 4547 1191 4599 tenientes
1208 4547 1377 4602 deducantur
1391 4549 1419 4603 in
1447 4550 1578 4608 rnediutrt.
1676 4586 1678 4591 ·

1089 4659 1116 4714 Si
1132 4664 1241 4730 qnando
1261 4663 1428 4720 mulierculae
1442 4667 1475 4722 de
1490 4669 1555 4724 riris
1568 4671 1695 4741 propriis,
1714 4674 1841 4743 delitiis,

1052 4753 1085 4806 de
1103 4755 1231 4819 restibus,
1253 4755 1394 4811 demendi
1411 4760 1588 4828 sanitatibus,
1610 4766 1779 4834 garrulaodo
1806 4771 1845 4822 lo·

1052 4843 1236 4911 quacitentur,
1258 4855 1287 4899 ut
1302 4847 1388 4901 moris
1404 4851 1522 4908 estreis
1538 4867 1600 4908 ttros
1612 4856 1694 4910 verbs
1710 4856 1844 4930 lrangau·

1055 4943 1111 5000 tur,
1125 4951 1186 4990 tuos
1207 4937 1327 4991 otiosum
1346 4941 1460 4996 rcrburn
1476 4953 1503 4997 et
1518 4946 1643 5002 nocitum
1657 4947 1750 5004 ditino
1761 4951 1843 5006 cedat

1051 5030 1182 5082 sermoni.
1196 5028 1225 5083 si
1238 5027 1360 5084 diriuunr
1377 5032 1514 5089 introduci
1530 5051 1583 5091 uon
1600 5039 1701 5107 poterit
1720 5042 1767 5096 tali
1783 5046 1842 5099 col·

1053 5119 1156 5190 loquio,
1182 5120 1209 5176 in
1224 5123 1433 5180 detestationem
1449 5129 1574 5185 criminis
1588 5131 1707 5188 lonestra
1722 5110 1844 5195 elauris·

1052 5221 1097 5265 tur
1112 5213 1249 5267 intactam
1266 5229 1273 5269 ι
1294 5223 1322 5268 ct
1336 5217 1413 5271 telos
1435 5217 1498 5288 loga
1514 5229 1629 5276 testetur
1658 5225 1839 5281 sanctitatem

1052 5301 1238 5358 intrinsecam.
1268 5301 1342 5359 Ntbil
1368 5306 1459 5376 itaqua
1485 5324 1533 5380 per
1558 5312 1693 5367 exteriora
1713 5316 1843 5386 corporis

1052 5394 1172 5459 intrans,
1193 5403 1311 5449 rnentern
1329 5396 1543 5466 cogitationibus
1555 5403 1693 5469 molestet,
1717 5420 1779 5480 curn
1795 5407 1840 5461 di·

1052 5490 1121 5540 trinae
1133 5489 1356 5558 contemplationi
1370 5493 1527 5561 exponitur.
1557 5495 1784 5566 Raro-eogitator
1809 5503 1838 5555 ln

1053 5589 1153 5645 urente,
1171 5582 1244 5650 quod
1277 5583 1428 5642 exteriores
1455 5600 1552 5641 seusus
1571 5604 1624 5642 uon
1644 5593 1768 5648 mittunt.
1794 5591 1842 5650 tta

1052 5680 1116 5722 surrt
1130 5670 1266 5737 terrestre,
1286 5673 1345 5728 baro
1361 5679 1631 5750 somnolentae
1659 5682 1752 5738 clausa
1785 5701 1840 5740 nora

1051 5760 1164 5828 luerim,
1179 5765 1256 5820 rnnrti
1271 5777 1346 5834 patet
1362 5769 1509 5829 introitus:
1524 5783 1553 5827 et
1583 5790 1637 5828 non
1663 5777 1715 5832 nisi
1732 5777 1844 5837 ιιιιιοιιο

1053 5854 1214 5924 ingreditur.
