4109 6434
207 420 258 484 tat

700 388 1334 496 uxuustrtotttuotsruuuucar.
1782 437 1836 500 aas

205 536 320 602 propter
331 526 416 582 ileum
433 525 515 582 etiam
532 524 648 584 salutem
664 540 797 599 nostram,
812 541 840 589 et
851 534 1036 605 lusitani-A
1088 559 1098 592 t
1116 540 1305 599 mansuetudo.
1324 564 1334 598 a
1354 543 1425 600 nutu
1441 545 1565 615 iujuriam
1581 546 1708 619 irrogare.

207 636 265 677 mas
282 631 500 676 contemnamus.

244 712 345 768 «Sicut
362 715 493 780 teipsum.
508 731 517 765 ι
533 713 583 778 Qui
613 729 705 770 secum
722 716 874 785 proximum
895 715 994 787 diligit,

205 815 322 874 utraque
336 808 454 874 complet
471 821 569 875 gertera
584 807 787 863 ‘mundatorum
806 825 814 865 :
831 809 925 874 idest,
946 823 997 864 nee

206 898 307 952 malum
326 896 391 949 lucit
410 897 470 959 ulli,
499 898 545 951 sed
561 897 662 953 bonum
684 898 762 953 lacit.

170 980 173 987 ’
247 1013 257 1046 ι
279 991 355 1057 Quod
371 991 393 1044 si
410 990 526 1045 invicem
541 993 684 1056 mordetis,
698 1003 725 1049 et
737 993 899 1049 comedetis.
914 1012 924 1046 ι
945 993 997 1049 Per

208 1086 403 1142 contentiones
427 1085 526 1154 singuli
561 1101 609 1139 vus
636 1086 761 1141 meliores
785 1087 899 1142 ulterius
922 1085 997 1157 judi·

206 1182 306 1235 eundo.

159 1294 161 1299 r
238 1290 249 1323 ι
275 1271 373 1327 Videte
391 1287 426 1326 nc
442 1273 475 1326 ab
501 1271 618 1326 inuicem
647 1272 859 1327 consumamini.
890 1289 901 1325 ι
927 1271 997 1326 llum

208 1365 278 1419 aiter
297 1365 374 1418 alteri
392 1365 504 1418 occasio
529 1356 804 1432 perditionisettstat.

246 1480 343 1534 altico
371 1491 463 1533 autem
493 1478 667 1535 ianristu:
698 1479 799 1548 Spiritu
817 1474 995 1532 tumulate.»

207 1569 528 1644 Spiriutalibusactibus,
546 1586 614 1639 qrros
630 1571 697 1624 inira
714 1571 857 1626 describit.

247 1684 257 1717 ι
274 1667 304 1719 lit
327 1665 462 1720 desideria
478 1668 568 1718 caruis
582 1681 634 1718 nou
654 1666 812 1732 perdeletis.
835 1683 844 1715 ι
873 1662 932 1719 Nun
945 1675 999 1732 quo

207 1772 272 1813 caro
299 1758 358 1811 sinc
381 1760 473 1811 anitna
498 1757 696 1824 concupiscut;
731 1758 780 1811 scd
805 1755 914 1825 quando
941 1756 998 1824 ipsa

208 1854 299 1905 anima
313 1850 432 1902 carnalia
448 1849 637 1918 cogitauerim
652 1849 771 1914 dicitur;
799 1846 909 1915 quando
936 1858 1001 1897 vero

1086 649 1097 683 ι
1118 633 1207 689 l'idcs.
1227 655 1237 687 ι
1254 636 1301 690 ttet
1327 638 1410 691 debes
1438 637 1561 704 credere,
1580 639 1620 693 rel
1636 640 1760 694 oiuuibus
1775 655 1836 710 pro·

1047 725 1131 778 missa
1149 727 1295 792 contrudere.

1086 836 1096 868 ι
1119 815 1262 873 Modestia.
1279 840 1288 872 ι
1308 820 1363 876 Nec
1380 823 1460 876 lusus
1475 824 1569 881 irasci.

1086 926 1096 960 ι
1115 909 1300 965 Continentia.
1326 930 1336 963 ι
1364 911 1392 966 lu
1409 915 1543 984 conjugiis
1561 916 1760 986 spiritualibus.

1087 1020 1098 1054 ι
1117 1001 1244 1058 castitas.
1269 1024 1278 1056 ι
1296 1003 1326 1058 ln
1341 1007 1489 1076 virginibus
1508 1008 1678 1077 intelligam.

1086 1113 1096 1148 t
1111 1096 1250 1151 Adversus
1264 1098 1449 1166 hujuscemodi
1465 1114 1518 1152 nou
1535 1109 1576 1153 est
1591 1101 1645 1155 ler.
1663 1119 1672 1152 ι
1691 1101 1748 1155 Non
1762 1105 1835 1157 euim

1048 1189 1099 1244 ista
1119 1189 1279 1258 probibuit3
1295 1189 1342 1244 sed
1368 1201 1394 1244 ct
1417 1191 1464 1260 qui
1492 1205 1590 1245 uorum
1605 1192 1709 1262 implet,
1727 1210 1779 1249 nou
1791 1202 1832 1249 cst

1048 1280 1099 1336 sub
1113 1282 1199 1335 reteri
1212 1281 1397 1337 testamento.

1087 1391 1097 1424 t
1120 1372 1171 1438 Qut
1190 1383 1279 1427 autem
1298 1383 1362 1428 sunt
1383 1373 1497 1439 Christi,
1519 1390 1630 1430 caruem
1646 1393 1723 1430 suam
1744 1377 1836 1433 cruci·

1050 1465 1167 1518 llreruut
1184 1479 1245 1517 eum
1261 1463 1335 1518 vitiis
1361 1473 1389 1518 et
1411 1466 1650 1534 cuncupiscentiis.
1675 1468 1724 1523 »st
1744 1469 1835 1522 otnnia

1049 1555 1129 1611 simul
1150 1555 1216 1609 titia
1234 1555 1363 1608 crucillra
1383 1566 1467 1619 suut,
1483 1565 1511 1610 ct
1529 1573 1594 1612 caro
1619 1561 1696 1626 criasi
1714 1561 1836 1629 pendeus

1050 1649 1078 1703 in
1095 1648 1178 1719 ligno,
1195 1664 1249 1702 uon
1264 1651 1455 1718 concupiscit:
1477 1652 1584 1719 utquid
1609 1653 1687 1706 nolds
1707 1653 1759 1718 lex,
1777 1669 1836 1722 quae

1051 1742 1114 1797 data
1130 1751 1171 1795 cst
1187 1741 1219 1794 ad
1236 1741 1301 1794 vitia
1314 1741 1483 1795 coercenda?
1500 1740 1585 1794 Sittnd
1598 1743 1663 1795 illud
1676 1747 1835 1808 notandum,

1050 1836 1121 1903 quod
1138 1848 1185 1888 cos
1196 1831 1405 1888 dixeritCltristi
1421 1848 1492 1897 esse,
1505 1835 1550 1901 oui
1563 1850 1674 1888 caruem
1689 1846 1750 1889 cum
1765 1837 1837 1890 titiis

209 1943 374 2014 spiritualia,
392 1958 535 1996 ttnuscutn
554 1938 913 2011 lleosttspirittts.Quattditt
930 1911 1254 2007 crgonffllltlfistfflni·
1284 1923 1341 1980 l¹00
1363 1936 1460 1982 00ss¹t³
1488 1926 1560 1992 llius,
1587 1929 1634 1997 qui
1654 1928 1738 1984 sulattt
1758 1928 1836 1983 fldem

209 2036 308 2104 duplex
320 2038 347 2089 'tu
364 2036 439 2090 notris
465 2045 504 2090 est
524 2035 701 2098 desideriunt,
730 2034 923 2096 volunluntas,
942 2045 996 2083 nou

208 2130 365 2199 perficimus
387 2144 558 2198 quaecunque
570 2129 706 2192 volumus,
722 2140 776 2179 uuo
800 2124 953 2178 aedillcaute
969 2119 996 2173 iu

210 2220 301 2283 nobis,
316 2232 344 2274 et
367 2221 420 2274 alio
435 2221 607 2274 destruente.

251 2336 345 2390 ‹Caro
362 2337 433 2389 enim
455 2331 624 2402 concupiscit
643 2329 774 2384 adversus
789 2328 924 2396 spiritum,
940 2326 995 2395 spi·

208 2435 280 2491 rius
303 2439 393 2485 autem
410 2428 540 2483 aduersus
562 2439 683 2480 earnem.
713 2442 723 2475 ι
742 2421 866 2477 Carnalis
880 2434 997 2476 cousue-

211 2528 278 2583 tudo
298 2525 428 2578 stlrersus
440 2518 582 2587 spirituale
596 2516 771 2570 desiderium.

251 2615 339 2670 illaec
363 2614 437 2668 eniut
466 2611 516 2664 sibi
537 2610 652 2662 inuicem
677 2608 868 2668 adversantur,
883 2616 913 2661 ut
944 2622 996 2661 uon

212 2723 382 2783 quaerunque
398 2705 490 2765 uultis,
510 2703 554 2756 illa
570 2700 689 2755 laetatis.
713 2718 722 2752 ι
749 2700 806 2756 lloc
823 2700 890 2755 lacit
913 2701 996 2765 ratio,

211 2813 306 2859 utnon
318 2799 484 2853 uoluntatem
500 2804 629 2864 sequatur
641 2793 768 2848 eductus.

249 2930 260 2967 t
275 2911 352 2979 Qttod
363 2910 385 2963 si
401 2909 497 2976 spiritu
510 2905 653 2969 ducimini,
675 2920 729 2958 nou
749 2903 817 2958 estis
832 2903 884 2958 sub
899 2902 967 2971 lege.
986 2920 995 2954 ι

211 3002 242 3060 ut
255 3019 304 3057 ros
320 3000 511 3070 spiritualibus
526 3012 574 3066 per
600 2997 691 3051 omnia
710 2997 818 3050 actitans
847 2997 997 3064 occupetis,

212 3110 267 3152 uuo
285 3104 327 3148 est
341 3092 419 3147 tobis
442 3091 483 3144 lex
502 3088 668 3153 neccssaria,
685 3103 744 3155 nuce
760 3086 918 3142 carnalibus
933 3087 997 3141 data

210 3197 265 3244 eat.

249 3295 260 3329 ι
288 3274 429 3331 liattilesta
445 3279 508 3328 sunt
532 3281 624 3326 autem
641 3284 724 3338 opera
738 3269 840 3323 carinis.
858 3267 941 3323 »Nou
957 3273 1037 3333 estc

211 3368 321 3429 difficile
337 3369 495 3424 discernere
514 3368 586 3421 iuter
602 3377 720 3433 utraque
730 3378 825 3433 opera.

251 3505 261 3537 ι
278 3485 343 3553 Quae
359 3493 422 3539 sunt
438 3482 594 3546 fornicatio,
616 3481 799 3547 immunditia,
818 3480 999 3549 impudicitia,

211 3578 332 3642 luxuria,
350 3576 483 3630 idolorum
513 3575 640 3638 servitus,
662 3571 804 3638 vcttcliciu,
839 3572 999 3635 inimicitire,

200 3671 411 3745 'contentiones
427 3667 624 3729 aemulationes,
636 3666 693 3728 irae,
706 3664 784 3728 rixa,
801 3662 1000 3728 dissensiones,

212 3774 306 3831 sectae,
323 3762 439 3822 inridim,
466 3759 623 3822 ltomicidia,
644 3759 805 3822 ebrietates,
823 3756 1003 3811 comessatio·

211 3870 274 3918 nee,
286 3853 363 3906 ethis
378 3850 510 3905 similia.»
525 3848 686 3903 iuimicitias
699 3856 726 3901 et
738 3856 835 3901 enters
847 3846 999 3916 sequentia,

212 3936 336 4000 'carnalia
362 3944 438 4009 dicit,
464 3956 525 4010 quae
548 3942 646 3994 animae
670 3948 812 4003 sunuuon
827 3940 941 3996 caruis:
967 3953 1002 3992 ue

213 4036 355 4093 flanicbzel
380 4051 440 4091 eum
462 4034 642 4092 stilistantiant
661 4033 752 4087 carnis
773 4046 903 4088 accusare
925 4042 1003 4102 puta-

212 4137 276 4185 rent
289 4129 355 4187 :scd
375 4142 456 4182 omne
472 4126 584 4189 tutatum,
601 4126 711 4180 carnale
738 4125 893 4183 deliniunt:
921 4140 1003 4182 omae

212 4221 325 4284 bantini,
337 4220 487 4289 spirituale.
501 4221 564 4289 quia
578 4222 699 4277 coelcste.

250 4330 260 4365 ι
280 4311 345 4378 Qnae
360 4311 475 4381 praedico
489 4312 576 4380 robis,
595 4314 665 4366 sicut
680 4310 821 4380 praedixi.»
837 4311 878 4366 Er
894 4309 936 4364 bis
953 4323 1005 4384 cap·

214 4415 272 4461 tera
282 4405 411 4476 colligere
428 4415 557 4478 poteram
584 4421 645 4474 quac
659 4403 813 4474 compendii
830 4405 919 4473 gratia
934 4418 1004 4473 prac-

214 4499 332 4555 terruisi.

1049 2017 1172 2074 sufficere
1185 2018 1363 2075 arbitrantur.

1351 2176 1465 2233 CAPUT
1483 2179 1526 2235 l'l.

1084 2272 1144 2347 'cSi
1162 2276 1261 2362 spiritu
1274 2292 1400 2354 ririmus,
1419 2295 1517 2362 spiritu
1532 2305 1558 2349 ct
1583 2297 1763 2351 autlndetuus.
1779 2315 1788 2349 ι
1808 2298 1836 2354 Si

1049 2398 1098 2455 pet·
1118 2385 1241 2452 spiritum
1258 2389 1339 2441 vitatu
1366 2388 1507 2455 babemus,
1527 2388 1706 2457 spiritualiter
1719 2405 1835 2447 couver-

1049 2490 1151 2540 scmur,
1168 2486 1195 2532 et
1210 2493 1263 2532 non
1279 2479 1429 2532 carnaliter
1444 2481 1495 2547 legi
1514 2480 1678 2536 serviamus.

1088 2567 1176 2622 «Non
1200 2568 1350 2623 ellit-iamur
1369 2569 1458 2624 inanis
1476 2571 1567 2636 gloriae
1585 2571 1688 2640 cupidi,
1714 2591 1724 2624 ι
1748 2571 1838 2628 liranis

1050 2658 1142 2729 gloriae
1169 2671 1211 2713 cst
1236 2660 1365 2728 cupidus,
1391 2660 1437 2729 qui
1464 2654 1579 2731 alterius
1599 2662 1724 2730 qttatntuis
1744 2678 1837 2716 reram

1051 2747 1200 2802 doctrinam
1221 2752 1352 2803 evacuare
1380 2761 1513 2813 conatur,
1541 2761 1570 2803 ut
1601 2750 1691 2820 plures
1710 2751 1839 2805 videatur

1050 2839 1152 2894 babere
1166 2840 1333 2909 discipulos;
1350 2841 1503 2909 lnrjdsutodi
1521 2851 1656 2896 tamense
1675 2842 1837 2896 alterutrum

1051 2931 1084 2985 ad
1102 2932 1267 2986 iracundiam
1288 2948 1434 3001 prouocare
1454 2943 1665 2998 consueverunt,
1703 2935 1836 3003 uta-undio

1050 3024 1101 3078 sibi
1126 3024 1241 3079 iuriceut
1257 3025 1378 3078 inridere
1395 3039 1447 3077 nou
1472 3025 1613 3079 desinunt.
1639 3025 1733 3079 inanis
1758 3027 1837 3081 aliter

1051 3118 1203 3186 gloriaest,
1220 3117 1241 3170 si
1256 3133 1287 3171 cx
1308 3117 1351 3171 bis
1366 3132 1426 3186 qum
1447 3132 1502 3171 nou
1518 3118 1713 3186 praecipiuntur
1729 3119 1753 3170 iu
1769 3119 1837 3187 logo,

1051 3226 1145 3265 outues
1179 3225 1309 3280 cogamur
1335 3209 1596 3278 lacere,quautum
1620 3226 1671 3263 riou
1699 3209 1838 3267 iacimus:

1052 3315 1078 3359 et
1095 3317 1157 3357 cum
1180 3302 1231 3372 ipsi
1248 3316 1303 3356 uon
1325 3301 1495 3369 poterimus,
1518 3302 1575 3355 buc
1601 3300 1737 3371 superflua
1764 3288 1846 3356 diea-'

1052 3410 1122 3449 mus.

1091 3505 1100 3537 t
1122 3486 1239 3542 luriccm
1257 3495 1448 3549 provocantes,
1471 3487 1587 3540 invicem
1605 3487 1768 3541 innitente.
1784 3504 1794 3535 ι
1811 3483 1839 3539 Si

1052 3578 1193 3633 irridendo
1211 3579 1339 3636 seductos
1353 3581 1388 3634 ad
1403 3580 1569 3633 iracundiam
1585 3581 1748 3648 provocetis,
1762 3589 1789 3634 ct
1803 3579 1840 3633 illi

1053 3673 1129 3725 robis
1149 3672 1298 3727 inrideant.

1092 3784 1101 3817 t
1131 3765 1261 3826 Fratres,
1290 3773 1318 3820 ct
1341 3765 1364 3820 si
1391 3773 1603 3835 preoccupatus.
1617 3765 1699 3820 [ιιιιιίι
1717 3766 1798 3817 borno
1814 3764 1840 3817 iu

1052 3859 1144 3927 aliquo
1160 3859 1258 3913 delicto
1278 3873 1346 3913 :ros
1360 3860 1405 3926 qui
1430 3859 1587 3925 spirituales
1608 3859 1676 3912 estis
1692 3899 1698 3916 ,
1717 3857 1843 3924 bttjuscc·

1053 3951 1126 4006 modi
1145 3950 1269 4005 instruite
1280 3949 1306 4003 in
1326 3951 1424 4017 spiritu
1440 3949 1597 4003 leuitatis.»
1618 3948 1676 4002 lluc
1693 3949 1747 4003 illis
1761 3948 1841 4007 dicit,

1053 4041 1100 4111 qui
1115 4056 1170 4095 non
1189 4039 1298 4094 luerunt
1314 4041 1450 4109 persuasi,
1474 4050 1503 4093 ut
1527 4049 1681 4108 prnrcntos
1705 4038 1844 4104 corripant

1054 4141 1208 4186 mansuete.
1229 4129 1338 4186 Sanciu
1358 4132 1400 4184 bis
1418 4130 1582 4197 prerentnu
1602 4129 1718 4182 bumana
1737 4127 1843 4196 [racili-

1056 4231 1108 4286 ιιι,
1127 4237 1188 4293 quae
1211 4221 1312 4277 lctluta
1325 4231 1400 4286 eunt,
1414 4230 1442 4275 et
1464 4236 1497 4274 cx
1512 4221 1650 4286 ittspcralo
1669 4218 1841 4288 contingunt.

1054 4312 1189 4369 Caeterum
1207 4321 1319 4368 nonest
1336 4311 1497 4381 presecutio,
1519 4310 1565 4364 ubi
1580 4310 1682 4380 aliquid
1697 4325 1758 4364 cum
1777 4323 1843 4363 cou-
1919 4376 1921 4381 Ι

1055 4408 1117 4463 ιίΙίο
1134 4408 1180 4462 diu
1195 4406 1326 4461 meditato
1342 4405 1531 4460 counuittitur.

1094 4519 1103 4554 ι
1123 4500 1307 4557 considerans
1323 4500 1451 4568 teipsum.
1467 4514 1500 4552 ue
1519 4509 1546 4552 ct
1560 4506 1589 4550 tu
1606 4497 1756 4552 tenteris.»
1775 4494 1844 4562 Quia

220 4626 226 4637 ·
252 4607 263 4642 ι
281 4590 415 4656 ortianum
427 4590 473 4659 qut
487 4588 550 4643 tatu
564 4598 660 4661 aptant,
677 4604 790 4660 remum
803 4587 848 4641 uer
865 4602 921 4644 nou
934 4602 1001 4642 cou-
1017 4614 1041 4670 p
1056 4601 1084 4649 et
1098 4595 1195 4662 tuipse
1212 4592 1294 4647 honio
1310 4607 1371 4647 eun
1387 4591 1436 4657 ets,
1455 4589 1566 4658 patrissui
1582 4588 1674 4657 utiquo
1686 4584 1842 4656 proruunt,

212 4690 372 4750 scortentur.
396 4679 578 4734 ›Ninanduin
605 4693 686 4750 atque
709 4680 904 4749 plangendum,
930 4681 1002 4749 qttod
1056 4690 1083 4738 et
1099 4682 1380 4751 adjuturioindigcrr,
1396 4680 1536 4734 sicutsani
1559 4677 1844 4738 iuttrmossustiuuu,

210 4774 403 4828 contentiosos
419 4782 500 4841 atque
516 4774 692 4839 dissidentes,
707 4776 747 4827 rei
771 4773 928 4838 iracundos,
941 4787 1002 4826 cum
1056 4785 1083 4830 et
1101 4786 1222 4843 tnttrtpos
1242 4776 1375 4845 sepeliunt
1397 4773 1449 4827 riri
1467 4789 1474 4826 ι
1492 4755 1553 4843 utria
1572 4783 1600 4826 ct
1625 4772 1676 4842 ipsi
1711 4767 1845 4824 inlutnari

214 4867 381 4930 idololatris,
402 4877 429 4921 et
445 4867 586 4930 uertebris,
605 4877 632 4923 ct
646 4865 801 4932 bumicidis,
818 4867 925 4937 penitus
951 4879 1001 4920 cx·
1055 4880 1083 4926 et
1094 4870 1161 4925 mori
1174 4883 1204 4923 se
1221 4882 1300 4936 posse
1313 4867 1438 4920 credunt.

213 4959 323 5015 clusita
340 4972 434 5027 regnu.
1093 4979 1104 5013 ι
1121 4960 1197 5014 diter
1210 4959 1323 5014 alterius
1337 4971 1422 5014 onera
1434 4968 1552 5026 portate,
1567 4964 1593 5011 et
1609 4955 1649 5012 sic
1663 4951 1845 5022 adimplebitis
1868 4942 1877 4957 ⁶

253 5049 404 5104 «Fructus
429 5058 520 5104 atttcm
544 5049 669 5121 spiritus,
697 5061 741 5107 est
758 5049 892 5105 charitas.
912 5068 922 5102 ι
939 5046 1004 5104 0m·
1054 5049 1268 5122 tegeuucbrisd.
1292 5067 1303 5101 ι
1331 5049 1386 5105 Lex
1412 5049 1524 5114 Christi,
1553 5046 1674 5103 ebaritas
1698 5056 1759 5101 est:
1774 5045 1846 5100 sicut

216 5142 292 5197 sium
305 5141 437 5198 virtutum
451 5146 537 5213 prima
549 5149 592 5198 est
603 5142 734 5210 ebaritas,
746 5157 827 5215 quam
842 5141 872 5198 in
885 5153 1004 5212 quatuor
1056 5142 1114 5212 ipse
1136 5140 1203 5197 dicit
1220 5155 1228 5198 a
1246 5138 1405 5194 liundorum
1428 5155 1523 5194 norum
1549 5140 1583 5192 do
1600 5138 1680 5203 sotir,
1702 5147 1729 5190 ιιι
1745 5153 1790 5190 ιιι
1802 5135 1846 5188 ln·

213 5244 306 5305 partes
320 5233 483 5289 divisibilem
499 5237 702 5291 annotavimus.
1055 5235 1136 5289 ricem
1153 5233 1275 5304 ditiputir
1287 5247 1297 5285 .·
1311 5230 1380 5287 sicttt
1395 5240 1420 5286 et
1435 5247 1482 5300 epo
1504 5229 1587 5284 dilexi
1612 5245 1657 5284 ror
1672 5226 1764 5299 (loun.
1781 5241 1845 5293 sut,

250 5345 261 5379 ι
279 5324 426 5382 Gaudium.
448 5345 457 5380 ι
475 5326 632 5400 Spirituale.
1054 5323 1112 5395 dl).
1128 5321 1283 5378 Notandum
1299 5322 1372 5392 quod
1389 5322 1477 5392 gratia
1493 5321 1534 5376 les
1549 5320 1665 5376 dicatur.

252 5439 263 5471 ι
283 5419 360 5487 Par,
391 5419 534 5490 patientia.
557 5440 567 5475 ι
585 5422 672 5478 Etiam
694 5435 757 5477 cum
775 5421 930 5478 odientibus
946 5426 1006 5491 pa·
1095 5435 1104 5469 ι
1122 5412 1230 5470 tiamsi
1253 5414 1316 5483 quir
1335 5413 1475 5469 existimat
1496 5426 1526 5469 ss
1550 5411 1655 5480 aliquid
1674 5423 1736 5465 esse
1751 5444 1759 5472 ,
1776 5421 1844 5464 cum

1056 5509 1122 5566 nibil
1137 5511 1184 5575 sit,
1199 5509 1297 5579 ipsese
1314 5509 1432 5564 seducit.
1452 5524 1461 5558 ι
1480 5506 1531 5574 Qui
1548 5521 1578 5561 se
1598 5514 1675 5576 putat
1691 5519 1743 5558 non
1759 5517 1844 5574 posse

1056 5602 1156 5657 tentari
1174 5616 1182 5656 ε
1202 5601 1261 5657 site
1284 5601 1332 5672 qui
1357 5600 1417 5669 ulus
1441 5598 1476 5654 de
1492 5613 1522 5654 se
1539 5597 1673 5661 laudanti,
1689 5610 1770 5667 quam
1784 5608 1844 5651 sua

1053 5695 1227 5753 conscientiae
1240 5694 1338 5751 credit.

1091 5806 1102 5842 t
1119 5787 1194 5858 Opus
1212 5796 1303 5842 autem
1323 5801 1401 5840 suum
1418 5787 1514 5856 probet
1530 5785 1728 5856 unumquisque.
1749 5803 1758 5836 ι
1789 5782 1840 5837 Tc-

1053 5884 1179 5941 stimonio
1195 5883 1379 5939 conscicntia.

214 5526 286 5569 cem.

254 5618 265 5654 t
281 5599 456 5674 Benignitss,
474 5603 598 5660 bonitas.
622 5622 631 5657 ι
649 5603 763 5676 Semper
784 5605 854 5661 bene
870 5604 939 5663 relle
961 5606 1003 5662 la·

212 5707 289 5750 cere.

255 5802 266 5839 ι
290 5786 504 5860 bongammitas.
527 5790 644 5849 »illatas
664 5791 778 5863 injurias
795 5792 932 5852 sustinere
953 5809 1001 5865 pa·

218 5878 329 5943 eleuter.
