4109 6434
205 389 259 454 ssa
702 372 1336 453 asrosrrromamsrnoemnr:
1785 383 1846 446 an·

205 494 308 567 linique
325 495 487 554 clarissima
503 497 627 569 corporis
641 497 684 554 sni
703 498 821 554 rraerabre
835 500 923 555 eidem
942 509 997 556 tra·
1011 506 1035 565 A
1048 501 1168 568 denset,
1185 498 1275 556 sedet
1295 504 1389 569 postea
1402 494 1628 566 reprehendendo
1650 503 1732 565 atque
1747 495 1839 551 rinadi-

204 586 271 643 dere
282 587 432 655 cupierant,
448 587 518 642 banc
533 588 617 644 solam
634 586 801 657 Euangeliou
830 589 926 643 lumini
954 589 996 645 di·
1049 595 1137 647 caindo
1152 591 1290 658 ostendat,
1304 590 1351 646 illa
1365 601 1539 658 sarapropter
1562 603 1611 644 sua
1632 588 1762 659 mysteria
1779 588 1838 643 llerl

205 693 284 749 enain
300 691 363 733 esse
390 678 609 734 uicissitudinem
633 679 810 746 arbitrantes,
828 679 851 734 si
877 694 927 735 sua
951 678 996 734 lu·
1046 683 1187 740 valuisse:
1211 690 1343 753 precepta
1356 694 1422 737 sera
1435 680 1544 736 dildcile
1561 681 1683 735 inveniet
1701 680 1839 748 Apostoli,

205 771 280 827 mina
299 772 323 825 ei
344 769 542 825 reddidissent.
688 813 693 823 .
1046 774 1138 829 taliter
1146 772 1318 844 exponentis,
1335 787 1370 828 ne
1386 786 1482 827 aarum
1497 771 1579 826 ritant
1601 770 1739 825 rideretur
1755 784 1836 825 ener-

246 881 256 914 ι
274 863 346 928 Erpa
364 861 491 917 inimicos
503 862 581 919 robis
597 860 685 918 lactus
704 877 778 930 suar,
797 861 997 918 rerumdicens
1050 882 1127 923 rare.

206 955 311 1011 robis?
328 974 337 1006 n
358 952 421 1010 llaec
437 967 478 1011 εει
494 957 617 1013 corrditio
630 957 766 1015 veritatis.
779 966 877 1012 nteam
890 970 999 1026 semper
1088 978 1099 1013 e
1131 958 1194 1015 llaec
1209 960 1283 1015 enim
1309 968 1373 1016 sum
1387 959 1440 1015 duo
1465 956 1662 1014 Testamenta:
1683 975 1693 1009 ι
1714 954 1798 1013 Vetus
1812 965 1840 1013 et

207 1045 361 1101 inimicitiae
380 1055 547 1112 sentiantur:
565 1047 634 1102 sicut
653 1061 701 1117 per
721 1046 904 1102 adulationem
936 1059 1000 1115 per·
1049 1068 1162 1115 noeane,
1188 1052 1313 1121 singulus
1333 1051 1447 1122 populos
1464 1051 1638 1122 penetentia.

206 1139 338 1194 rriciusam
376 1139 505 1194 anticitiae
528 1141 746 1211 conquiruntur.
768 1139 896 1195 Libenter
925 1139 999 1194 enim
1088 1144 1209 1201 «bnon
1231 1145 1342 1213 quidem
1360 1143 1387 1198 ia
1413 1153 1507 1198 monta
1532 1142 1612 1206 Sina,
1631 1143 1659 1197 ia
1679 1142 1840 1196 servitutem

206 1231 282 1301 ‹puod
301 1231 431 1299 delectat,
446 1232 556 1286 auditur
570 1249 578 1288 a
591 1241 619 1287 et
632 1232 745 1287 ullcndit
769 1246 851 1287 omae
864 1232 1001 1302 quodnu-
1055 1250 1229 1305 generans.»
1254 1234 1339 1292 ludaei
1362 1243 1437 1291 metu
1462 1236 1636 1306 presentium
1661 1234 1839 1302 cogebantur,

208 1315 493 1377 lurrrus.lraeniraet
516 1324 544 1377 lai
577 1324 691 1394 diligere
718 1332 858 1390 coeperaut
889 1320 1001 1377 sabbati
1055 1335 1085 1381 ut
1098 1326 1185 1382 lere:
1204 1342 1254 1384 nos
1272 1342 1337 1383 nero
1355 1327 1475 1397 premiis
1492 1326 1638 1381 innitamur
1653 1333 1684 1380 ut
1708 1324 1799 1389 liberi,
1812 1331 1841 1378 et

208 1413 275 1479 otia,
292 1423 319 1467 ει
335 1412 441 1468 dierum
458 1412 695 1484 lestornmepnlns
708 1414 889 1485 predicantes
902 1421 999 1469 contra
1047 1417 1088 1472 illi
1103 1416 1182 1494 quasi
1208 1417 1279 1473 servi
1306 1425 1408 1487 praeter
1440 1416 1557 1471 moralia
1582 1425 1732 1486 praecepta,
1756 1414 1840 1469 etiam

206 1505 394 1576 apostorum,
428 1508 475 1576 qui
499 1522 608 1564 omnem
639 1507 834 1561 continentiam
860 1520 910 1562 suo
947 1505 1002 1561 illis
1050 1507 1167 1565 dirersis
1181 1508 1309 1580 operibus
1325 1508 1637 1580 premebanturtnobis
1660 1515 1749 1561 autem
1762 1504 1841 1576 quasi

208 1597 335 1666 ⁰¹0¹¹lllla
351 1599 531 1656 raonstrabat.
1053 1601 1128 1670 liliis,
1144 1602 1292 1658 moralibus
1316 1601 1426 1657 monitis
1440 1600 1612 1668 adimpletis,
1630 1598 1742 1655 servilia
1757 1611 1842 1653 ariera

245 1688 453 1745 ‹AErnnlantur
467 1706 516 1746 vos
530 1705 584 1745 non
598 1690 689 1746 bene:
710 1691 759 1746 sed
779 1689 926 1746 excindere
950 1703 1001 1746 ros
1048 1693 1220 1751 anleruutur.
1245 1693 1300 1750 Sed
1320 1693 1359 1749 illi
1390 1693 1581 1765 sacerdotibus
1606 1693 1663 1747 suis
1688 1705 1723 1746 ex
1750 1689 1843 1745 debite

206 1779 853 1848 solunt,utillesaemulemini.rAEmulus,et
878 1781 1002 1836 inritator
1051 1788 1227 1854 servientes,
1259 1785 1361 1843 tributa
1389 1786 1472 1842 etiam
1511 1785 1628 1841 reddere
1653 1781 1843 1854 cogebanturt

208 1882 336 1941 potestat
352 1875 479 1931 inimicus
495 1874 622 1945 intelligi.
636 1874 683 1930 Sic
696 1890 749 1931 aaa
761 1875 831 1930 bene
844 1875 999 1940 aemulatur,
1014 1842 1038 1899 B
1055 1893 1104 1935 nos
1132 1886 1232 1948 praerer
1252 1879 1413 1935 charitatem
1445 1877 1512 1934 nihil
1541 1878 1683 1942 debentes,
1707 1873 1845 1931 antistites

209 1963 256 2034 qui
271 1973 300 2020 ut
311 1965 393 2020 alium
404 1966 582 2037 dejiciat‚nan
591 1968 687 2034 utipsc
696 1967 833 2036 proticiat,
845 1966 1000 2021 aemulatur.
1055 1980 1162 2028 nostros
1175 1970 1326 2026 voluntarie
1345 1970 1523 2025 honoramus.

208 2054 387 2111 AEmulumlni
399 2061 606 2112 nutemnreltora
618 2058 782 2112 caurienmtu
792 2055 1002 2129 (macerabit.
1095 2082 1106 2117 a
1125 2063 1190 2132 Quae
1201 2065 1336 2135 astdpar.
1354 2080 1364 2114 r
1380 2061 1465 2132 Cujus
1478 2071 1571 2132 typum
1585 2059 1681 2115 babuit
1696 2073 1841 2129 synagoga.

251 2147 381 2203 abortum
402 2157 493 2203 autem
518 2149 683 2205 aemulamini
704 2149 733 2204 ia
749 2151 821 2205 bono
836 2165 956 2221 semper,
976 2158 1004 2207 et
1091 2154 1271 2210 ‹Siaaenim
1287 2160 1417 2208 monsest
1449 2149 1839 2221 inarabia,quieoujunctus

213 2257 269 2298 uon
285 2250 390 2296 tantum
406 2254 468 2295 curn
495 2255 616 2309 praesens
632 2257 692 2296 sam
707 2242 779 2314 apud
804 2257 864 2298 ros.
883 2262 894 2296 e
911 2242 1003 2298 Nolite
1054 2257 1096 2303 est
1114 2246 1139 2302 ei
1167 2261 1229 2318 uuae
1243 2261 1317 2302 naue
1336 2252 1378 2300 est
1394 2242 1558 2299 Jerusalem.
1580 2260 1590 2294 s
1611 2240 1649 2295 Er
1666 2240 1842 2309 qualitatibus

213 2332 277 2388 illos
294 2333 429 2398 temulari,
442 2333 489 2387 sed
503 2333 605 2388 bonum
619 2348 727 2404 semper
742 2334 921 2402 emulamini,
947 2350 1003 2392 aon
1055 2335 1179 2394 locarunt
1195 2337 1252 2391 rult
1266 2335 1379 2406 intelligi
1393 2335 1579 2389 diversitatem
1594 2329 1842 2387 Testameatnrum.

213 2424 242 2480 iu
263 2424 406 2492 praecernia
422 2439 480 2478 mea
497 2434 613 2480 tantum.
1096 2427 1152 2482 «Et
1166 2428 1251 2484 servit
1261 2442 1323 2482 cum
1337 2425 1502 2482 abissum.»
1515 2423 1583 2479 Cura
1599 2422 1662 2478 liliis
1675 2418 1842 2488 Jerusalem,

251 2513 366 2570 rFilioli
392 2517 457 2585 nrei,
475 2532 544 2586 rpoos
567 2517 664 2573 itcrrrm
694 2520 828 2590 parturio,
847 2519 933 2575 donee
950 2519 1006 2575 lor·
1055 2524 1182 2598 gentibus
1203 2521 1299 2575 servit.

213 2618 304 2662 aretur
315 2607 443 2662 cbristus
456 2609 481 2663 in
503 2610 618 2664 vobis.»
638 2609 787 2666 Evidenter
802 2612 854 2667 lroc
872 2615 1005 2671 aduersus
1094 2614 1168 2671 ‹llla
1185 2622 1274 2668 autem
1294 2625 1354 2682 arras
1376 2623 1487 2665 sursum
1504 2617 1547 2664 est
1571 2606 1734 2672 Jerusalem,
1751 2606 1839 2661 libera

213 2698 357 2755 hereticos
385 2700 543 2769 ratetzqni
571 2712 633 2772 post
655 2703 788 2772 baptisma
816 2704 1005 2772 peccantibus,
1055 2715 1122 2763 est:
1144 2721 1203 2777 qnae
1228 2712 1270 2760 est
1285 2710 1520 2770 malesuasus.»
1550 2701 1633 2756 {lecte
1647 2700 1713 2754 dicit
1732 2700 1847 2768 Aposto-

215 2791 406 2860 ptauiteutiam
422 2805 477 2845 nou
493 2793 569 2847 darn.
586 2792 652 2847 ltern
678 2795 704 2847 in
722 2794 768 2849 illo
794 2809 858 2848 rere
880 2794 1006 2851 cbristus
1055 2800 1109 2864 lus,
1126 2796 1277 2854 Jerusalem
1297 2796 1440 2852 coelestem
1454 2792 1577 2850 sterilem
1589 2807 1652 2849 esse
1666 2791 1848 2862 generations

216 2878 362 2948 formatur,
376 2883 423 2953 qui
439 2883 566 2938 virtutem
585 2885 648 2950 lidei
680 2883 739 2952 ejus
767 2885 905 2956 intelligit,
927 2898 955 2941 et
978 2887 1005 2943 in
1056 2891 1186 2954 liliorum,
1204 2893 1267 2962 qula
1285 2904 1341 2945 non
1358 2888 1415 2943 illic
1429 2894 1543 2958 generat
1558 2886 1628 2940 tilios
1644 2897 1652 2939 τ
1671 2884 1718 2940 sed
1736 2882 1781 2938 laic
1796 2897 1846 2952 per

215 2985 271 3041 quo
283 2973 373 3028 orrmia
390 2975 563 3030 conversatio
580 2976 639 3045 elus
656 2977 821 3046 exprimitur
848 2987 931 3048 atque
958 2977 1007 3032 de·
1056 2983 1137 3038 ladem
1158 2991 1270 3038 renatos
1284 2983 1311 3036 in
1326 2981 1447 3046 Christo,
1462 2989 1555 3048 postca
1568 2977 1694 3046 suscipit,
1710 2986 1737 3031 ει
1751 2990 1845 3031 earum

218 3062 350 3133 dindimi·
1056 3088 1126 3144 qrros
1139 3073 1302 3144 susceperit,
1324 3079 1413 3126 mater
1428 3069 1553 3124 edicitur.
1571 3067 1629 3123 lloc
1663 3076 1754 3122 antem
1776 3065 1849 3120 salet

256 3154 372 3211 «Vellem
384 3166 473 3212 autem
489 3172 550 3213 esse
560 3159 630 3228 apud
645 3160 791 3215 rosmoda.
802 3178 812 3213 r
824 3161 893 3228 Quia
905 3170 1043 3256 mataritae
1059 3176 1154 3223 contra
1176 3166 1273 3236 dogma
1297 3179 1392 3220 eorum
1414 3164 1460 3233 arri
1482 3163 1588 3224 dicunt,
1605 3159 1710 3215 animas
1722 3159 1756 3214 de
1776 3159 1849 3214 coelo

219 3264 269 3304 ¹⁰⁸
289 3248 385 3302 audire
403 3249 558 3313 meremini·
583 3250 704 3306 scribere
722 3261 797 3306 tauta
813 3267 867 3306 noa
883 3266 1007 3321 possum.
1059 3266 1169 3329 propter
1181 3264 1331 3324 peccatum,
1351 3254 1378 3310 in
1395 3262 1487 3308 terras
1500 3251 1618 3317 demitti,
1632 3261 1660 3306 et
1671 3249 1849 3305 nascentibus

258 3356 268 3390 r
289 3337 322 3393 Et
347 3349 452 3394 mutare
465 3353 560 3394 socero
575 3356 674 3395 meam.
695 3358 705 3393 ι
723 3342 826 3398 Vocem
843 3342 1009 3399 blandientis
1059 3347 1222 3416 corporibus
1248 3345 1366 3401 infundi.
1393 3345 1470 3412 Quod
1494 3354 1587 3398 autem
1613 3343 1678 3396 ait:
1709 3338 1786 3394 llulti
1800 3338 1849 3393 lilii

217 3428 315 3500 patris,
327 3429 354 3484 in
368 3430 484 3499 rigorem
499 3431 622 3499 magistri
636 3434 738 3489 veteris
750 3443 868 3489 anulare.
1060 3439 1175 3495 deserte
1192 3438 1287 3507 alapis,
1303 3451 1385 3507 quarn
1403 3449 1464 3505 quae
1486 3434 1569 3489 babet
1583 3432 1684 3488 viratu.
1700 3429 1785 3485 Filias
1801 3428 1850 3483 de·

259 3519 413 3588 «Quoniam
423 3521 575 3577 conlundor
589 3523 616 3578 in
629 3523 716 3579 robis.
735 3540 745 3575 ι
760 3522 957 3580 Detrimentum
968 3524 1011 3580 di·
1062 3539 1143 3587 sertae
1177 3529 1312 3598 significat
1324 3526 1456 3583 Ecclesiae
1471 3526 1587 3596 populos
1601 3539 1634 3579 ex
1648 3523 1773 3594 gentibus
1787 3534 1852 3576 coa·

220 3612 389 3682 scipulormn
416 3612 542 3670 conlusio
567 3622 610 3670 est
622 3615 767 3685 magistri:
784 3617 855 3671 sicut
873 3614 1011 3686 proiectus
1062 3630 1199 3693 gregatos.
1219 3620 1369 3676 {labentem
1386 3628 1478 3674 autem
1500 3619 1602 3685 airam,
1619 3629 1784 3687 synagogam
1802 3613 1852 3668 lu·

211 3702 318 3759 ¹eorum
344 3712 386 3760 est
399 3705 484 3775 gloria
498 3706 685 3776 praeceptoris.
706 3706 891 3762 Gurrlunditur
904 3714 1011 3772 autem,
1064 3716 1185 3770 amorum
1202 3722 1329 3780 cessatur,
1357 3713 1428 3767 sicut
1454 3708 1524 3766 Osee
1543 3707 1676 3778 propbeta
1692 3713 1825 3762 monstrat
1842 3718 1853 3763 a

224 3797 289 3867 quta
303 3796 359 3865 iam
378 3797 425 3852 atri
441 3795 516 3862 tacet,
535 3813 643 3852 rursum
658 3798 732 3855 servi
744 3814 805 3855 csse
817 3799 975 3869 cupiebant.
1062 3805 1189 3862 terrene
1214 3814 1326 3859 marren
1353 3813 1478 3868 uestram,
1500 3801 1632 3869 judicare,
1650 3799 1714 3870 quta
1729 3800 1789 3868 apra
1801 3812 1854 3852 eon

266 3906 276 3942 l
294 3888 380 3943 chlle
393 3889 468 3955 lllllll,
481 3891 529 3960 qul
540 3889 590 3945 sub
602 3890 661 3960 lege
674 3890 753 3945 tultis
763 3904 834 3946 esse.
847 3889 944 3959 Legelll
958 3905 1013 3945 nott
1064 3913 1131 3953 mr
1142 3906 1240 3961 meast!
1253 3912 1299 3967 ²9⁰
1308 3911 1361 3949 spon
1372 3895 1411 3949 pir
1423 3892 1480 3962 ejus
1490 3891 1580 3962 (Osee,
1595 3889 1749 3960 11‚2),ltem
1762 3888 1855 3944 Eccle-

222 3980 355 4052 legistis!
374 3981 570 4050 scriptumest
595 3984 680 4049 ellim,
715 3985 844 4051 dl¹⁰¹¹l³¹¹¹
872 3982 1012 4037 Abraham
1065 3989 1104 4045 sia
1130 3996 1219 4043 mater
1242 3995 1284 4041 est
1313 3995 1366 4040 tam
1391 3984 1534 4055 gentilium
1563 3981 1744 4046 credentium,
1770 3994 1853 4049 quem

226 4074 298 4130 duos
308 4074 378 4130 lilios
396 4074 503 4140 lrabuit,
519 4091 602 4130 unum
618 4076 651 4130 de
666 4076 776 4143 aracilla,
789 4088 817 4131 et
831 4091 917 4132 unum
932 4074 967 4130 de
979 4074 1015 4129 li·
1065 4079 1150 4135 etiam
1162 4076 1331 4142 ludaeorum,
1348 4073 1427 4144 aujrra
1443 4073 1490 4128 atii
1502 4071 1574 4127 serti
1587 4084 1647 4127 esse
1659 4084 1713 4125 aaa
1727 4077 1853 4138 possunt.

218 4150 303 4222 bera.
320 4166 373 4221 Sed
390 4166 434 4236 qui
452 4166 485 4221 de
499 4166 610 4232 aracilln,
636 4169 786 4222 secundum
804 4181 915 4222 carnem
932 4176 1014 4220 uatus
1064 4170 1099 4228 Er
1118 4171 1178 4224 ideo
1195 4177 1223 4223 et
1238 4166 1371 4225 niedinror
1395 4165 1456 4219 novi
1480 4162 1649 4218 Testamenti
1663 4161 1698 4215 de
1712 4159 1783 4215 coelo
1803 4160 1853 4215 ad.

221 4259 300 4313 'ests
324 4259 369 4328 qui
385 4268 473 4313 autum
490 4259 523 4313 de
536 4258 633 4325 libera,
657 4275 704 4328 pur
731 4259 981 4330 repromissionem.
1000 4277 1012 4312 r
1065 4261 1140 4318 scirit
1158 4258 1302 4314 Pontifex:
1319 4268 1347 4312 ct
1363 4248 1546 4326 Euangelium
1567 4268 1622 4308 aori
1641 4253 1668 4307 ia
1696 4267 1752 4305 uuo
1780 4252 1853 4319 loeo,

227 4350 339 4415 lemael,
355 4351 460 4418 caruis;
474 4351 558 4417 lsaae,
577 4350 648 4406 illins
663 4352 736 4409 ddci.
752 4350 911 4406 lllumenim
925 4351 1015 4406 dbra·
1067 4353 1115 4410 sed
1129 4352 1155 4406 ia
1175 4360 1231 4405 toto
1243 4351 1352 4413 ,mundo
1366 4356 1408 4403 εει
1432 4345 1624 4418 predicatum.
1781 4417 1783 4423 Ι

229 4442 294 4497 bam
306 4444 456 4497 secundnm
472 4441 611 4497 carnalem
629 4430 705 4496 usum
719 4442 833 4511 genuit:
853 4441 936 4496 istum
950 4455 1016 4496 cou-
1105 4442 1346 4511 ‹Sicutscriptum
1363 4449 1404 4496 cst
1422 4455 1429 4493 s
1461 4437 1577 4500 Latara,
1594 4433 1706 4499 sterilis,
1724 4448 1785 4502 aitte
1800 4447 1855 4488 aaa

231 4540 274 4587 tra
291 4544 414 4586 naturam
430 4535 610 4602 promissione
624 4534 757 4603 suscepit.
1033 4532 1156 4608 Ilparis.
1185 4555 1196 4589 a
1225 4535 1388 4605 Proplretico
1413 4531 1572 4588 testimonio
1598 4529 1696 4599 probat
1715 4526 1856 4583 meliorem

272 4641 283 4675 e
305 4622 371 4689 Quae
385 4635 447 4679 sam
461 4638 509 4694 per
525 4624 684 4695 allegoriam
703 4624 786 4679 dicta.
803 4642 813 4676 r
829 4622 894 4689 Quae
906 4622 1018 4694 quidem
1073 4646 1133 4697 nos,
1145 4644 1226 4698 quam
1237 4626 1354 4694 ludaeos,
1366 4634 1479 4681 matrem
1490 4622 1601 4678 babere.

235 4725 300 4771 sunt
314 4730 363 4786 per
387 4716 543 4786 absporiam
569 4717 642 4772 dicta
660 4733 668 4773 :
683 4719 734 4772 boc
760 4723 814 4782 est,
837 4715 890 4797 alia
905 4730 939 4770 ex
959 4715 1020 4771 aliis
1111 4721 1253 4792 ‹Erumpe
1265 4731 1292 4774 ct
1304 4720 1402 4785 clama,
1415 4731 1476 4787 quae
1489 4731 1542 4770 nrm
1556 4711 1689 4783 parturis.
1706 4728 1715 4763 ι
1734 4709 1856 4774 Clamat,

234 4806 362 4878 dpurata.
381 4805 462 4863 Dedit
478 4817 568 4865 autem
591 4809 714 4880 regulam
735 4809 788 4863 boc
803 4809 862 4864 loca
875 4808 1021 4879 apostolus
1071 4829 1121 4885 pm
1135 4812 1278 4884 prophetia
1293 4810 1403 4879 ponitur
1421 4808 1448 4861 in
1467 4808 1518 4861 boc
1535 4805 1605 4860 loco.

234 4901 403 4970 latellipendi
413 4901 573 4970 allegoricas
584 4901 714 4963 rationes,
724 4900 830 4955 scilicet
840 4909 879 4967 ut,
893 4908 1022 4955 manente
1113 4905 1201 4973 «Quia
1226 4901 1302 4957 multi
1317 4901 1433 4956 deserte
1449 4897 1546 4968 magis.
1564 4915 1575 4949 s
1592 4893 1649 4950 lloc
1667 4886 1859 4963 praedgurabat

234 4990 359 5048 historie
384 4993 513 5061 scritate,
531 4992 632 5065 figuras
651 4991 758 5049 Veteris
790 4992 960 5048 Testamenti
975 5005 1023 5048 ex·
1073 4998 1161 5062 Anna,
1181 5008 1242 5065 quae
1257 4993 1351 5048 dixit:
1378 4989 1485 5046 sterilis
1507 5003 1567 5059 patre
1590 4985 1689 5056 peperit
1702 4992 1811 5052 septem,
1832 4984 1859 5034 et

233 5098 380 5156 possmus.
401 5082 547 5141 Narseum
571 5087 698 5149 dixisset,
721 5086 858 5140 Abrabam
873 5088 940 5142 duas
956 5102 1023 5141 trra·
1075 5090 1161 5160 fetosa
1180 5089 1208 5141 in
1221 5085 1286 5157 filiis
1308 5083 1444 5153 infirmate
1466 5090 1506 5135 eet
1520 5078 1547 5152 (l
1569 5078 1635 5147 Rea.
1652 5091 1684 5142 tr,
1697 5075 1735 5144 5).

235 5190 282 5231 res
291 5177 433 5233 verissime
444 5177 582 5243 babuisse,
594 5187 686 5249 postea
699 5179 764 5247 quid
777 5177 1023 5249 praefiguraverint,
1113 5199 1124 5234 e
1136 5181 1222 5248 Quam
1239 5178 1307 5249 ejus,
1322 5191 1381 5246 quae
1395 5174 1476 5229 babet
1488 5172 1608 5227 airuns.»
1623 5167 1689 5234 Quae
1705 5165 1791 5220 rtrum
1807 5164 1875 5218 ba·-

235 5268 460 5326 demonstrarit:
484 5278 511 5325 et
535 5270 585 5326 lroc
608 5270 697 5341 ipsum
721 5269 757 5326 ibi
775 5270 848 5334 lecit,
866 5269 911 5324 nbi
934 5270 1024 5340 aliqua
1075 5276 1140 5332 bure
1166 5282 1275 5343 putans,
1299 5271 1334 5325 de
1359 5266 1530 5324 fecunditate
1553 5261 1698 5333 gloriatur.
1726 5257 1780 5313 dut
1795 5257 1859 5328 quia
1922 5261 1929 5282 ·

237 5360 811 5435 sauctorumbonestageatarclcruntur3
829 5361 944 5418 uonubi
962 5378 1025 5434 pec·
1078 5365 1197 5422 babebat
1227 5364 1328 5427 airum,
1361 5370 1510 5428 antequam
1538 5354 1684 5426 ejiceretur
1711 5365 1773 5405 cum
1804 5347 1859 5403 lilia

238 5462 301 5507 cata
321 5461 461 5510 natantur.
481 5454 616 5509 Caeterum
633 5453 732 5508 delicta
749 5451 842 5508 dicere
860 5467 909 5520 per
925 5463 1027 5525 nryste-
1078 5474 1137 5515 sue.

238 5544 294 5610 ria,
313 5552 360 5599 ant
378 5546 619 5615 impossibilitatis,
634 5555 681 5600 arat
703 5546 863 5616 ignorantie
881 5545 966 5601 beum
982 5555 1027 5602 est
1117 5546 1295 5610 «blesensem,
1307 5542 1417 5609 lratrcs,
1429 5537 1578 5595 secundum
1590 5532 1863 5604 lsaacpromissionie

238 5638 394 5694 erinrinari.
421 5639 472 5707 Qui
500 5650 592 5694 autem
622 5641 702 5694 aliter
725 5653 773 5693 sna
801 5649 1026 5695 rrrorrstrarenon
1081 5642 1128 5696 lilii
1155 5654 1284 5696 sunaus.»
1312 5630 1502 5702 Quomodode
1531 5628 1618 5696 lsaac,
1642 5623 1867 5683 ttaeedcuoble

238 5729 341 5803 poterit
355 5742 524 5786 sarcraunnnn
541 5740 607 5799 ;aut
622 5742 696 5787 certe
714 5744 813 5803 putans
830 5731 881 5787 sibi
897 5746 1028 5802 quaerum·
1078 5745 1120 5788 εει
1132 5730 1247 5788 abrabae
1262 5726 1467 5798 erprnrntssum,
1490 5722 1564 5792 quod
1577 5720 1681 5779 scilieet
1691 5721 1719 5776 la
1732 5732 1766 5774 eo
1779 5715 1864 5772 bene·

238 5822 305 5878 darn
319 5834 429 5895 peccatu
446 5824 611 5890 neccssaria,
628 5824 702 5894 prins
725 5825 768 5881 illa
785 5825 945 5898 generaliter
961 5840 1026 5882 corr·
1079 5827 1197 5883 dicunda·
1212 5831 1302 5882 esseut
1323 5833 1417 5876 omues
1433 5824 1537 5888 acates.
