4109 6434
200 448 261 510 273

596 448 782 513 uetsrosu
804 452 956 516 XXXVII.
981 455 1030 514 llll
1051 452 1217 515 (tuturus
1235 452 1462 514 iniustitiis.

1777 447 1830 509 eit

205 560 297 621 wem
313 564 429 619 inurere
453 566 599 633 habentem,
612 577 636 623 et
665 571 818 624 abortiverit
835 573 877 634 ,·ri
894 571 993 638 [arare-
1011 580 1034 634 Α
1049 583 1081 624 ac
1098 569 1233 624 disserere
1257 585 1310 625 uon
1326 571 1458 641 graveris.
1476 565 1597 635 eracsrlo
1610 567 1643 621 tle
1658 564 1748 622 auirua
1763 567 1831 620 rariu-

206 666 264 711 ιιιιιι
278 657 370 725 faerit,
390 657 434 711 det
451 659 568 712 uulruunt
598 676 645 728 pro
663 661 752 715 rurt'ruo
772 663 820 716 :si
838 674 926 716 autern
953 665 995 718 irr-

207 750 352 819 {orrtrnturn
376 753 467 820 puerit,
494 753 634 807 nrrrletetur
656 756 768 824 pecuaria
800 756 907 826 (Esou.
934 771 992 819 aar,

205 840 328 910 ‘li-iifl
345 850 373 894 ut
385 844 512 908 prulraret
529 859 581 897 rrou
596 844 686 900 inesse
701 848 820 901 animaru
846 862 993 919 antequam

207 932 335 986 formam.
352 931 445 1002 ltaque
457 934 480 988 si
491 933 547 1002 jaus
565 932 682 990 lormatu
697 938 804 1006 corpori
820 938 911 1006 dautur,
940 954 994 994 uon

207 1025 237 1079 lu
249 1034 383 1095 conceptu
396 1027 520 1096 eorporis
531 1027 652 1081 nascitur
664 1043 725 1084 caru
736 1032 840 1085 semiue
852 1031 992 1087 derivata:

207 1117 311 1173 namsi
340 1131 402 1170 curu
426 1116 574 1172 semiuoet
604 1119 694 1174 aalma
710 1121 803 1176 existit
827 1137 860 1176 ea
890 1123 991 1190 anima,

208 1206 302 1262 arrultae
315 1208 413 1262 auimae
437 1208 560 1278 quarrata
574 1218 689 1279 pereunt
702 1227 709 1265 ι
722 1227 783 1265 cunr
808 1228 901 1269 scrrreu
919 1212 994 1270 iluna

208 1298 329 1366 paredam
344 1313 396 1352 unu
409 1299 518 1366 proticit
528 1300 676 1354 nativitati.

244 1388 294 1442 rx.
309 1390 400 1445 Sensi
418 1391 493 1459 prius
508 1393 696 1460 respiciamus,
715 1393 866 1449 riretmnas
877 1395 941 1464 orriu
952 1409 995 1451 se·

206 1483 255 1550 uui
281 1481 439 1536 debeamus.
466 1482 687 1552 Conteruplemur
704 1485 839 1542 lucturam
853 1489 919 1544 alelae
936 1506 944 1545 ι
966 1489 995 1543 iu

207 1572 295 1627 suam
322 1574 394 1628 enim
411 1574 562 1643 cseurpluru
577 1578 670 1632 elatum
685 1587 738 1646 cst,
754 1589 783 1633 ut
801 1596 833 1635 ea
847 1596 878 1636 eo
896 1582 995 1637 iutelli-

207 1673 300 1733 patur,
324 1667 388 1736 quia
402 1666 457 1735 jam
469 1667 615 1722 iorrrratuur
627 1683 726 1736 eorpus
739 1674 845 1742 accepit
863 1674 994 1731 animam.

206 1755 278 1812 Nam
293 1766 400 1825 poterat
416 1757 488 1814 uras
517 1759 633 1813 animam
651 1761 715 1816 limo
733 1772 812 1818 terrae
828 1766 993 1833 admiscere,

207 1859 239 1906 el
250 1851 291 1905 sle
305 1852 426 1906 lorurarc
440 1865 552 1921 corpus.
569 1853 621 1909 Serl
644 1855 715 1909 rullo
739 1855 903 1924 lullruratur,
930 1859 993 1928 quia

1045 670 1088 716 tos
1105 670 1207 726 moret,
1229 662 1255 716 iu
1282 662 1380 731 quibus
1400 672 1427 717 et
1449 676 1492 717 urs
1507 674 1567 716 csse
1583 659 1715 714 coutiteor
1735 673 1742 712 a
1767 672 1830 711 num

1045 750 1111 821 quid
1126 753 1159 807 de
1168 751 1257 806 auiura
1274 752 1429 810 llrmissiure
1441 763 1559 819 teneam,
1573 766 1627 806 uon
1639 749 1743 806 tacclro.

1081 842 1273 914 Hieronymus.
1292 844 1395 900 lletiris
1407 861 1456 901 uos
1472 846 1618 901 virtutibus
1635 844 1709 900 tuis:
1725 854 1753 899 et
1769 858 1831 913 par·

1047 947 1096 990 ros
1113 950 1227 1004 urassuus
1243 935 1361 999 extollis.
1383 935 1560 1004 ultimamque
1583 943 1686 1006 partem
1711 934 1830 990 convivii

1045 1040 1174 1097 occupas,
1191 1038 1219 1082 ut
1235 1027 1443 1098 patrisfamilias
1457 1028 1561 1098 iudicio
1575 1027 1747 1098 proveharis.
1774 1026 1827 1082 Setl

1047 1115 1115 1170 uelle
1134 1116 1231 1180 iateur,
1250 1119 1297 1173 serl
1312 1120 1377 1174 satri
1394 1119 1519 1189 pruleru,
1533 1120 1691 1188 magistrum
1704 1132 1830 1180 renuens,

1045 1210 1173 1264 comiteur
1187 1209 1307 1277 spondeo
1323 1208 1379 1282 [tt.
1393 1207 1609 1280 resporrtteudol.
1622 1210 1723 1279 petenti
1739 1210 1830 1274 datur,

1046 1298 1165 1368 pulsanti
1190 1300 1322 1368 aperitur,
1343 1317 1469 1370 quaereus
1493 1302 1620 1357 itrreuit:
1639 1302 1776 1354 discamus
1804 1301 1831 1353 iu

1045 1399 1128 1452 terra,
1148 1405 1265 1460 qrreruur
1283 1393 1363 1446 uubis
1390 1393 1505 1448 scicntia
1523 1402 1676 1461 perseveret
1697 1393 1724 1445 iu
1750 1391 1830 1445 eoelo.

1083 1480 1259 1551 rinpustr'urrs.
1272 1481 1371 1535 Certus
1386 1483 1468 1536 ctiaur
1481 1497 1541 1537 saur
1553 1485 1683 1545 arripiam,
1694 1481 1766 1534 nulla
1783 1480 1830 1534 uei

1046 1572 1137 1641 crrlpa,
1164 1575 1238 1627 uuita
1254 1572 1299 1628 Dei
1318 1573 1493 1637 necessitate,
1515 1573 1557 1628 rel
1572 1589 1630 1640 sua,
1653 1575 1699 1627 scel
1721 1574 1832 1641 propria

1048 1665 1186 1720 rolarrtarc
1205 1667 1230 1719 iu
1247 1675 1388 1733 peccatum
1404 1680 1464 1721 esse
1477 1666 1645 1736 collapsam:
1662 1679 1711 1719 uec
1723 1664 1832 1719 libcrari

1047 1771 1127 1826 posse
1147 1759 1179 1812 ale
1206 1772 1321 1827 corpore
1338 1759 1434 1812 urortis
1450 1757 1543 1827 hujus,
1557 1756 1599 1812 rel
1617 1772 1672 1811 suae
1687 1756 1833 1810 roluutalis

1047 1851 1159 1914 uirtute,
1179 1859 1307 1918 tauquam
1323 1849 1374 1904 siut
1393 1851 1425 1902 art
1438 1848 1488 1903 lroc
1505 1848 1667 1912 sufficiente,
1689 1846 1728 1901 rel
1747 1846 1833 1915 ipsius

209 1944 329 2015 primam
348 1945 490 2008 aprarretraa
502 1944 611 1999 aarum„
632 1945 827 2016 annumglaris,
844 1956 870 2002 aa
890 1949 930 2004 310
947 1949 980 2003 pa
992 1981 997 1991 .
1009 1918 1033 1979 B
1047 1940 1169 2008 corporis
1184 1949 1291 1995 morta:
1307 1942 1353 1996 sert
1366 1940 1451 2009 gratia
1467 1939 1513 1994 Dei
1527 1955 1573 2011 per
1585 1937 1677 1996 lesunr
1689 1938 1832 1993 ltuuriruuu

209 2036 358 2092 lritatorcm
378 2034 481 2088 induci.
502 2035 599 2090 Auirua
615 2047 700 2101 certe,
719 2041 782 2107 eperia
803 2041 918 2106 spiritus
941 2052 995 2107 est,

208 2126 239 2181 lu
267 2127 343 2181 sicco
363 2126 488 2180 lralritarc
513 2142 568 2181 uon
594 2138 693 2197 potest,
724 2128 785 2185 lateo
811 2131 839 2186 iu
864 2134 996 2203 sauguine

209 2214 307 2270 inetur.
344 2216 411 2271 Cura
438 2229 502 2286 ergo
527 2219 652 2288 corporis
668 2216 827 2276 liniamenta
854 2232 995 2292 corupacta

212 2325 266 2364 uou
290 2309 403 2375 luerint,
434 2312 478 2365 utri
504 2313 556 2367 crit
579 2311 750 2368 auiuraillu
769 2313 842 2370 loras
871 2326 994 2385 ungarus,

210 2401 340 2469 quarudiu
354 2402 527 2469 immittatur,
541 2418 601 2458 cuur
617 2406 687 2458 ratio
699 2405 787 2462 tradat
804 2409 844 2462 sic
856 2408 996 2475 claricalis,

210 2500 242 2547 ut
256 2493 346 2547 anima
365 2496 391 2547 in
406 2508 506 2564 corpus
522 2509 573 2549 uou
585 2498 672 2551 otiosa
690 2508 811 2567 regetur.
823 2497 877 2554 Sed
893 2513 925 2553 cx
942 2513 997 2569 quo

210 2582 304 2646 detur,
323 2584 428 2648 dicant,
454 2586 500 2655 qui
524 2586 596 2640 aliutl
624 2595 730 2656 putaut,
744 2603 876 2654 caruere,
909 2605 941 2642 au
961 2605 995 2643 ca

212 2674 312 2728 leruiua
337 2674 444 2746 [suppl.
462 2692 493 2730 ex
517 2675 661 2749 furniuall
688 2677 747 2732 Nau
764 2682 902 2743 contenit,
932 2682 996 2750 speria

210 2764 286 2819 aliud
314 2768 341 2819 iu
372 2766 498 2836 ereruplo
529 2778 590 2821 est:
608 2772 853 2838 proporuuueuiur
886 2774 996 2828 exriro

209 2871 275 2910 curn
296 2850 372 2912 costa
387 2860 477 2912 datam
493 2866 522 2914 ct
534 2862 666 2926 animam,
682 2863 754 2929 quoa
770 2864 861 2918 rrratris
878 2866 995 2919 rationi·

210 2948 264 3003 ltus
276 2949 409 3004 inlirruari
423 2952 576 3007 docuimus.
609 2951 685 3007 llurle
700 2952 771 3008 serto
799 2955 923 3010 rialeatrrr
935 2957 995 3013 dari

209 3055 246 3095 ca
279 3041 391 3106 lenriua,
421 3046 538 3099 uraximo
566 3056 676 3115 propter
704 3045 872 3102 saltatorem
890 3060 898 3102 t
916 3064 995 3120 eptem

209 3134 316 3190 sciruus
331 3135 392 3189 siue
414 3137 557 3202 coruplexu
590 3138 692 3203 caruis,
718 3141 750 3194 alc
770 3140 873 3209 Spiritu
902 3154 997 3200 sancto

1047 2043 1182 2087 nostrum.

1084 2121 1270 2192 Hieronymus.
1303 2123 1401 2177 aluirua
1432 2120 1606 2186 lururortalis,
1637 2119 1782 2174 irmisilrilis
1805 2128 1833 2172 et

1047 2214 1228 2284 incorporalis
1242 2213 1282 2268 e'st
1292 2232 1299 2269 :
1311 2214 1459 2269 secuudum
1469 2213 1631 2268 crassiorem
1641 2211 1702 2265 dieo
1712 2212 1833 2279 corporis

1048 2306 1132 2360 riustri
1149 2306 1330 2360 srrlrstrutiam
1348 2323 1357 2360 ι
1374 2305 1438 2360 uico
1457 2305 1498 2358 rel
1513 2317 1547 2358 eo
1560 2313 1634 2357 certe
1651 2311 1771 2372 tempore
1784 2319 1834 2372 pu·

1048 2398 1149 2461 nietur,
1163 2409 1188 2451 et
1205 2396 1367 2466 supplicium
1384 2396 1492 2460 sentiet,
1505 2395 1612 2463 quaudo
1626 2395 1758 2464 pristinus
1774 2411 1832 2449 cor·

1048 2502 1098 2557 pus
1113 2487 1246 2557 receperit
1261 2526 1269 2553 ,
1284 2497 1312 2542 ut
1329 2501 1391 2541 cum
1413 2500 1468 2556 quo
1486 2486 1620 2554 peccarit,
1634 2500 1696 2543 curu
1716 2488 1773 2553 ipso
1785 2503 1833 2556 pu·

1049 2581 1152 2635 ulatur.

1082 2672 1258 2742 eluprrstiuas.
1275 2671 1379 2726 Dicitur
1396 2672 1537 2737 conceptio
1552 2671 1670 2725 humana
1685 2669 1725 2724 sic
1738 2683 1835 2740 proce·

1048 2762 1123 2826 clerc,
1136 2772 1164 2816 ut
1179 2763 1274 2832 priuris
1284 2778 1330 2817 scs
1347 2763 1444 2817 diebus
1457 2761 1536 2832 qrrasi
1552 2761 1633 2815 lactis
1647 2760 1746 2815 hubent
1759 2761 1835 2813 suui·

1050 2852 1204 2917 litualiuerrr,
1224 2854 1402 2922 scqrrcatilrus
1418 2869 1513 2907 rrureur
1538 2853 1634 2906 rl'relrus
1656 2862 1833 2906 conseruntur

1050 2943 1077 2998 in
1098 2946 1272 3014 sanguinem.
1292 2944 1392 2998 licitiae
1404 2945 1545 2999 duodecim
1564 2944 1659 3000 dielrus
1675 2945 1833 2998 salutetur:

1048 3035 1160 3104 reliquis
1188 3036 1345 3106 quiruleciru
1375 3037 1509 3090 iorrrrctur
1542 3050 1629 3104 usque
1654 3037 1687 3090 eal
1712 3037 1833 3103 perlecta

1047 3126 1212 3181 lincamenta
1238 3128 1360 3181 ouruiuru
1386 3128 1570 3181 rrreruluoruru
1598 3143 1605 3182 ι
1637 3137 1664 3182 et
1690 3129 1752 3181 lriuc
1779 3130 1834 3198 jum

213 3234 310 3280 rratruu
329 3242 363 3281 cr
380 3226 479 3280 leuriua
496 3244 503 3284 :
518 3229 588 3295 orrorl
607 3230 630 3283 si
659 3230 835 3298 arlritruutur,
849 3232 910 3303 plus
933 3235 998 3290 daut
1013 3253 1033 3308 (ς
1051 3219 1155 3286 rellll*¹⁰
1174 3228 1294 3285 ¹⁰¹¹¹l¹0¹e
1311 3234 1396 3289 u⁸l¹¹⁰
1413 3218 1446 3273 ‘ld
1463 3230 1570 3289 ‘llll'us
1584 3227 1688 3288 panus,
1701 3219 1835 3287 ιιιῑιιιιῑῑιῑ·

213 3314 325 3370 lerninis
340 3332 347 3380 ;
363 3318 555 3373 auctoritatem
573 3318 646 3374 cuim
662 3322 713 3375 viri
739 3333 846 3377 ruutnut
864 3324 890 3378 iu
919 3325 997 3382 scuti·
1051 3306 1114 3361 diue
1132 3321 1277 3378 augeatur.

213 3420 288 3462 ararat.
319 3406 386 3461 carn
406 3409 478 3462 euiru
492 3419 545 3465 taur
562 3412 683 3479 corporis
703 3428 783 3482 quatu
801 3414 897 3470 uulursc
915 3418 998 3487 origi·

1088 3398 1275 3468 llieronpnrus.
1290 3398 1366 3454 Sicut
1381 3399 1471 3454 nescis
1486 3399 1556 3452 riam
1570 3398 1682 3468 spiritus
1697 3405 1724 3453 et
1738 3399 1836 3452 animae

212 3512 276 3551 usur
293 3512 325 3553 cx
342 3500 400 3554 rim
417 3501 517 3565 «ticam,
535 3515 748 3570 corruerauursa,
767 3507 834 3561 artu
862 3511 996 3578 quoppa.
1052 3492 1229 3561 ingredientis
1258 3493 1284 3544 iu
1317 3490 1469 3559 praesulum,
1496 3501 1523 3546 ct
1552 3492 1660 3560 ignoras
1688 3492 1789 3545 ossiuru
1809 3500 1837 3544 ct

211 3590 271 3642 tius
283 3600 334 3659 cst,
349 3607 384 3646 ex
403 3593 517 3649 mutinae
529 3594 631 3661 alieaut,
649 3595 675 3648 tp
695 3607 747 3660 051,
763 3599 880 3652 „nimam
900 3617 907 3654 :
925 3602 996 3669 quod
1053 3597 1182 3635 uenarum
1197 3582 1344 3637 varietates
1356 3582 1382 3636 in
1397 3591 1491 3637 rcutre
1506 3583 1684 3652 praegnantis,
1700 3582 1836 3650 quoruotlo

212 3693 282 3734 '⁸¹⁰
297 3681 399 3746 minus,
413 3698 446 3736 οι
459 3687 593 3752 musculo,
614 3687 704 3751 idest,
721 3704 822 3758 corpus
839 3707 846 3755 ;
868 3707 928 3746 cam
942 3691 997 3762 [pp
1052 3686 1086 3725 ca
1104 3671 1149 3725 riti
1162 3673 1296 3726 eierrreuto
1309 3687 1408 3742 corpus
1424 3673 1540 3729 lrouriuis
1553 3675 1581 3728 iu
1595 3677 1718 3728 diversas
1732 3674 1836 3742 clugies

212 3780 268 3822 tue.
284 3771 358 3843 euru]
375 3773 546 3829 ruauiicsturu
574 3777 611 3832 sit
635 3774 762 3833 orlirrem'
776 3784 896 3852 'eserrrpti
913 3798 928 3834 a
945 3784 998 3838 ppo
1054 3775 1184 3834 artusque
1206 3766 1337 3833 varietur,
1351 3778 1378 3821 ct
1394 3766 1428 3820 tle
1445 3767 1538 3820 eodem
1557 3767 1663 3822 serarius
1679 3768 1752 3820 nliurl
1770 3770 1836 3820 mot·

211 3859 346 3917 trarlitmn
365 3864 503 3919 immutari
523 3881 575 3919 aon
593 3883 681 3937 posse,
699 3870 748 3936 Qui
766 3887 831 3941 erga,
844 3875 951 3927 animas
964 3889 996 3928 „x
1052 3854 1138 3910 lcscat
1153 3856 1180 3909 iu
1192 3857 1332 3922 curuilrus,
1352 3857 1426 3911 alirul
1442 3858 1555 3911 duretur
1569 3857 1595 3911 iu
1620 3857 1737 3919 ossibus,
1763 3856 1836 3909 atiurl

211 3966 268 4007 uua
285 3956 429 4024 propagari
456 3969 593 4024 assamur,
609 3970 636 4014 aa
660 3975 711 4015 no„
736 3962 763 4014 j„
779 3977 892 4030 comm
921 3964 997 4033 jum
1054 3947 1082 4001 iu
1099 3949 1176 4002 rents
1193 3947 1314 4017 palpitet,
1337 3947 1408 4001 aliud
1422 3947 1536 4001 duretur
1556 3947 1582 4000 iu
1599 3948 1690 4002 neruis
1710 3946 1770 4003 :ita
1788 3946 1836 4001 Dei

209 4044 370 4112 exemplum
385 4047 464 4116 primi
484 4051 603 4107 tromipis
619 4051 699 4109 ³000
710 4054 832 4122 quorjdjp
846 4054 914 4119 pepp,
932 4070 999 4108 app,
1053 4052 1133 4107 opera
1145 4039 1214 4092 scire
1232 4052 1284 4091 uou
1303 4037 1418 4107 pulcris,
1434 4039 1481 4107 qul
1492 4038 1577 4094 lacior
1592 4047 1633 4093 cst
1650 4041 1782 4091 oruuiuur.

211 4140 307 4196 phem
322 4141 388 4196 appr,
1089 4129 1262 4197 Arrprutirrur.
1273 4127 1310 4181 lte
1328 4128 1425 4181 auiurae
1438 4127 1626 4182 itrcurustioue
1640 4138 1729 4180 utrum
1743 4143 1775 4181 ex
1791 4126 1836 4180 illu

251 4231 423 4300 ,emmim
440 4233 540 4292 Sancte
559 4237 644 4293 smper
662 4237 835 4311 Hieronymo,
853 4243 1000 4299 consulens
1055 4233 1106 4272 uua
1123 4234 1182 4288 qrrae
1194 4220 1281 4288 primo
1294 4218 1396 4273 lrouriui
1412 4220 1474 4273 lata
1489 4228 1542 4285 cst,
1563 4220 1604 4274 sie
1622 4229 1727 4274 creterra
1741 4235 1838 4287 propra-

209 4331 242 4378 ω
256 4323 291 4377 pe
304 4324 347 4379 his
369 4342 429 4395 Μ
451 4330 555 4389 nescio,
584 4346 632 4383 „w
655 4332 750 4398 Deum,
776 4343 804 4387 up
827 4333 997 4390 fructuosum
1053 4313 1169 4383 geuturl
1192 4328 1225 4366 au
1242 4312 1356 4382 siugulis
1382 4313 1536 4382 quibusque
1563 4328 1638 4368 uorae
1661 4314 1741 4367 etiam
1757 4315 1838 4368 uredo

210 4427 276 4469 Μ
291 4415 441 4473 mmmm
458 4418 512 4491 [Ap.
529 4421 618 4493 ΜΝ,
636 4423 797 4493 erauquaru
824 4427 895 4481 enim
917 4429 997 4481 5551„
1053 4406 1119 4458 lluut
1134 4420 1142 4460 t
1159 4421 1192 4458 au
1209 4406 1309 4460 alicubi
1323 4405 1377 4476 juur
1396 4408 1545 4460 existentes
1559 4406 1599 4460 rel
1615 4408 1756 4460 rrriuautur
1769 4407 1838 4460 cliri-

214 4507 314 4572 mpo,
329 4524 410 4578 qum„
425 4526 477 4581 Ψ,
494 4513 502 4544 r
517 4514 579 4579 sim,
594 4524 672 4569 me
690 4517 787 4586 majos,
801 4526 892 4573 lame„
912 4520 994 4575 epam
1015 4552 1019 4561 ,
1050 4497 1134 4561 nitus,
1153 4497 1194 4550 rcl
1211 4507 1305 4566 sponte
1321 4496 1446 4551 labantur
1460 4498 1487 4551 irr
1500 4498 1636 4567 corpora?
1657 4513 1781 4567 rprrurtam
1800 4500 1838 4552 sit

215 4601 276 4669 ,W
297 4601 352 4670 1²¹ss
370 4617 452 4659 mm
470 4607 582 4662 consum
599 4623 606 4665 :
624 4610 671 4663 sed
698 4611 731 4662 ad
746 4611 905 4666 diwupum
928 4615 999 4681 quod
1016 4582 1178 4655 Delipeula
1189 4589 1282 4656 opinio
1302 4589 1516 4642 seircalesirtera.

214 4704 287 4761 opus
300 4703 353 4758 est,
369 4694 442 4749 nulla
457 4695 523 4750 urilri
538 4706 604 4752 aetas
618 4712 679 4753 sera
701 4699 784 4755 rideri
800 4710 887 4768 potest
906 4719 913 4754 ε
935 4704 997 4770 utria

212 4782 267 4837 etsi
285 4798 365 4837 serres
376 4788 462 4856 tnagis
474 4788 550 4842 tlecet
563 4789 660 4844 elucere
674 4805 756 4859 qrraur
770 4792 878 4848 discere
893 4810 900 4847 ι
914 4794 1000 4864 magis

212 4880 307 4925 tanuen
321 4873 440 4942 discere,
452 4891 533 4944 qrraur
550 4877 614 4945 qrrial
629 4878 745 4933 doceant
762 4880 899 4947 ignrrrarc.

250 4961 441 5034 tiieroapmur.
462 4965 546 5022 Beate
562 4983 629 5038 papa
648 4970 808 5038 Augustino,
826 4971 852 5025 iu
873 4971 998 5040 Scriptu-

212 5067 323 5118 rarum,
339 5057 362 5109 si
377 5054 476 5124 placet,
487 5071 594 5128 campo,
607 5058 665 5114 siue
676 5068 770 5114 nostro
779 5061 893 5116 iuriceru
905 5062 998 5117 tloloro

213 5146 353 5200 ludamus.
369 5146 428 5202 ttott
449 5147 535 5218 igitur
548 5165 683 5205 annorum
707 5153 863 5208 existimare
886 5169 933 5208 uos
948 5170 999 5209 uu·

212 5251 293 5293 ruero
308 5252 317 5293 ι
333 5241 558 5310 rrccsapieutiam
586 5257 669 5298 cauus
696 5255 813 5312 reputes,
838 5247 887 5300 sed
917 5261 1000 5301 carros

211 5327 388 5398 uptanuam,
398 5328 538 5399 Scriptura
554 5340 670 5387 testante
689 5332 778 5389 :Curti
792 5335 916 5398 iteritatis,
934 5351 1001 5403 pru·

211 5419 306 5474 dentis
318 5420 376 5489 einr
392 5420 467 5490 (Sap.
485 5437 522 5486 rs,
541 5422 580 5493 8).
597 5422 670 5487 uoti,
694 5423 816 5494 inquam,
837 5426 917 5481 lidcur
936 5441 1002 5493 peu-

211 5525 278 5567 sare
292 5513 459 5581 terrrporiinu
476 5529 484 5567 :
501 5526 551 5568 nec
564 5528 607 5569 ure
625 5514 727 5570 idcireo
748 5516 886 5571 meliorem
911 5528 1001 5581 pates,

210 5605 290 5673 errori
305 5605 379 5672 prior
396 5606 424 5658 iu
446 5605 549 5661 Christi
570 5607 690 5660 exercitu
709 5610 839 5678 caeperim
871 5608 1000 5664 militare.

249 5696 427 5765 Aupuetr'rrus.
443 5698 544 5768 Accipe
559 5698 642 5766 igitur
654 5713 715 5768 spru
731 5701 795 5753 ruilri
817 5711 878 5769 peto
891 5702 1002 5768 aperiri,

1090 4677 1279 4748 Hieronymus.
1301 4676 1388 4747 Super
1404 4682 1501 4734 arrunte
1523 4691 1595 4734 statu
1614 4681 1722 4734 ruemini
1741 4691 1837 4735 vestras

1058 4770 1274 4841 questiunculc,
1292 4771 1347 4824 iuro
1373 4773 1496 4826 uraxiruae
1507 4774 1698 4827 ecclesiasticae
1710 4778 1838 4842 ‹panstra-

1055 4862 1108 4918 uis.
1129 4860 1224 4916 Utrum
1242 4863 1314 4928 lapsa
1334 4865 1367 4917 tle
1382 4863 1450 4918 coelo
1462 4865 1507 4929 sit,
1527 4874 1554 4919 ut
1570 4863 1735 4936 Pythagoras
1750 4867 1838 4935 piritu·

1054 4955 1167 5022 sopitus,
1183 4968 1333 5023 ouruesqus
1353 4953 1496 5021 Platouiei,
1518 4964 1545 5011 et
1563 4954 1696 5026 Origenes
1713 4967 1807 5028 putant
1828 4978 1835 5009 z

1054 5063 1087 5101 an
1102 5064 1116 5101 a
1131 5049 1239 5117 propria
1256 5048 1303 5102 ltei
1320 5050 1485 5116 substantia,
1501 5062 1531 5104 ut
1542 5052 1637 5116 Stoici,
1662 5051 1836 5114 llauietueus,

1053 5153 1080 5198 et
1100 5145 1193 5199 iusaua
1215 5143 1378 5199 Priscilliani
1395 5147 1507 5200 lrrercsis
1529 5146 1704 5216 suspicantur
1724 5168 1730 5200 :
1751 5163 1784 5199 au
1809 5147 1836 5197 iu

1055 5237 1183 5290 tlresauro
1206 5236 1253 5290 troi
1271 5237 1423 5292 habeantur
1437 5239 1502 5291 oliru
1529 5239 1654 5304 conditae,
1671 5248 1699 5291 ut
1727 5239 1836 5305 spritium

1058 5328 1241 5384 Ecclesiastici
1252 5331 1335 5385 stulta
1355 5333 1530 5399 persuasione
1544 5334 1682 5386 carrlirluut
1698 5353 1705 5387 :
1721 5347 1754 5385 err
1769 5347 1837 5400 ‹prtu-

1056 5424 1146 5477 tirliea
1164 5423 1218 5476 Deo
1230 5426 1305 5485 liant,
1320 5434 1346 5478 et
1358 5423 1500 5478 mittuntur
1514 5427 1540 5479 iu
1552 5441 1675 5493 corpora,
1688 5426 1836 5480 securuurur

1055 5513 1121 5568 iilud
1144 5517 1214 5582 uuual
1236 5516 1262 5568 iu
1293 5515 1440 5584 Eraugelru
1455 5526 1498 5570 est
1532 5515 1638 5571 :l’oter
1664 5533 1735 5570 rrreus
1757 5533 1837 5586 astrue

1055 5611 1132 5662 nrorlo
1148 5617 1283 5676 operatur,
1300 5618 1324 5661 et
1347 5625 1393 5676 epo
1407 5624 1499 5674 operor
1514 5623 1523 5662 ,·
1536 5619 1655 5662 arrccrtc
1668 5624 1700 5662 eu
1716 5613 1837 5677 tractare,

1055 5715 1086 5757 ut
1121 5701 1317 5765 Tertullianus,
1346 5702 1540 5771 apollinarius,
1565 5712 1591 5756 et
1628 5704 1744 5758 rrranirua
1776 5720 1838 5776 pars

253 5860 261 5890 ¹
279 5855 380 5915 Ealcur
397 5859 463 5915 ellit.
485 5859 644 5928 Quanquam
666 5860 736 5917 ctrirrt
760 5871 784 5917 te
797 5861 889 5928 urrrlto,
912 5879 989 5929 otram
1011 5879 1057 5933 epo
1069 5865 1126 5930 sim¹
1142 5878 1217 5921 etate
1233 5867 1369 5935 nrujurmn,
1389 5876 1486 5931 tumea,
1500 5875 1553 5921 otc.
