4109 6434
261 441 297 503 ιι
431 440 434 445 ’
735 429 766 490 s.
787 420 1012 487 ιιιιιιοιιιιι
1033 416 1192 479 ornnuu
1214 412 1417 477 ulurtsnt.
1856 397 1894 465 so
1960 374 1974 389 “

259 558 395 620 sumpta-m
418 548 529 619 spiritus
556 545 675 616 liquidus
703 543 847 604 animaret,
867 539 896 592 m
919 536 1048 593 dominus
1063 544 1084 598 ,t
1101 533 1133 587 Et
1149 531 1214 600 quia
1226 531 1321 599 utique
1333 543 1427 584 omnes
1439 540 1522 582 earne
1536 522 1679 586 vestimur,
1693 529 1720 575 et
1737 520 1796 576 sine
1810 520 1893 574 dnbio

258 643 399 714 corporis,
422 657 473 693 nnn
502 639 583 692 liorno
613 637 665 691 snb
695 646 821 700 corpure.
847 629 970 697 Denique
999 626 1050 679 boe

259 736 330 806 qrrod
352 734 405 787 ilrxi
430 729 568 785 vasculum
592 729 650 796 ipso
670 724 724 797 idi.
741 739 790 794 pro
807 720 877 792 ipso]
900 720 964 774 ιιιίι
981 733 1050 787 prae·

260 835 346 889 sante,
366 832 393 878 et
413 823 471 891 ipso
498 822 613 874 rnoritur
635 818 763 873 abeunte.
791 814 841 868 llic
862 826 927 881 ergo
943 822 970 866 et
986 810 1051 864 risi·

260 918 323 972 bilis
341 926 367 968 ιι
383 916 511 980 caducus,
528 912 599 966 iliius
623 908 762 964 interioris
784 905 826 959 uel
847 903 992 968 habitatio,
1009 901 1051 955 nel

261 1009 394 1070 rniinster,
411 1006 451 1060 rel
475 1004 570 1073 vagina
597 1012 649 1056 est.
676 998 736 1068 lpse
760 1012 835 1064 uero,
852 998 897 1067 qui
926 1009 989 1049 vore
1012 1004 1054 1048 est

262 1103 352 1164 botrio,
371 1096 498 1166 quioniam
524 1093 579 1168 [it.
597 1103 665 1148 toret
690 1089 832 1163 qiioriiam]
855 1091 894 1144 sic
916 1086 1052 1143 secundus

261 1191 340 1245 laetae
365 1187 511 1244 divisionis
529 1195 571 1242 est
585 1186 674 1249 loeus,
710 1192 739 1238 ut
761 1183 819 1251 ipse
843 1178 998 1242 invisibilis,
1016 1178 1053 1231 ita

261 1284 350 1337 orirrria
375 1283 435 1352 eins
461 1277 610 1337 inuisibilia
633 1277 704 1340 sint,
728 1288 839 1329 necesse
863 1281 915 1327 est.
940 1270 999 1325 Nou
1021 1269 1055 1323 ad

260 1374 336 1432 illum
360 1373 383 1429 si
404 1378 527 1443 aegrotat,
545 1383 644 1426 manus
668 1369 740 1422 valet
763 1367 908 1434 pervenire
934 1363 1055 1416 medico·

261 1482 321 1520 rnm
340 1480 347 1518 ι
365 1480 418 1519 iton
446 1462 591 1518 herbarum
617 1461 708 1515 succis
734 1461 755 1513 si
784 1456 875 1514 dellct't
900 1466 1053 1525 reparatur.

261 1557 336 1612 Nibil
350 1557 383 1610 ad
397 1571 458 1609 euin
473 1566 633 1624 corporeum
650 1550 754 1604 intrare
771 1555 880 1618 potest:
897 1543 1056 1600 substantiae

261 1656 365 1703 tnrrtmn
387 1660 444 1700 suae
464 1644 503 1698 illi
527 1641 680 1697 similitudo
697 1639 849 1703 descendit,
868 1637 953 1692 verbo
973 1650 1055 1691 cura·

263 1752 318 1801 tur,
340 1735 495 1792 obedientia
521 1733 697 1788 coriraleseit.
718 1732 839 1801 [tetrique
864 1744 925 1784 euru
950 1727 1001 1783 sibl
1027 1728 1055 1780 in

262 1831 383 1887 Ecclesia
409 1825 569 1882 Laodiceusl
596 1836 623 1879 et
650 1825 755 1888 beatus,
778 1833 806 1877 et
828 1824 913 1887 dines¹
934 1830 961 1875 et
987 1821 1055 1873 bene

1104 626 1130 680 ln
1143 639 1226 680 cartre
1241 639 1295 677 non
1307 636 1412 684 stamus,
1424 621 1468 688 grai
1479 633 1532 672 nou
1547 618 1695 672 seeundum
1708 627 1818 667 curarem
1833 626 1893 665 atn-

1103 718 1238 782 butanius,
1256 715 1416 770 binc‘etiam
1433 712 1562 781 gignitur,
1577 718 1673 762 utnon
1688 720 1794 776 seruper
1812 707 1894 760 botrio

1104 810 1157 864 isto
1176 807 1369 878 appellationis
1386 805 1496 858 nomine
1512 809 1668 856 censeatur.
1684 795 1752 851 Num
1774 811 1823 864 pru
1841 797 1897 847 uir·

1106 902 1209 957 tutibus
1229 899 1286 954 suis
1309 906 1354 951 aut
1370 897 1453 960 uitiis,
1469 903 1496 949 et
1514 892 1615 947 lormas
1633 890 1715 946 sumit
1729 898 1756 943 et
1774 888 1894 941 nondun.

1106 994 1228 1064 lienique
1252 991 1291 1047 ait
1315 989 1448 1058 Propheta
1468 1003 1474 1038 :
1496 983 1585 1039 dotto
1602 982 1663 1051 fieri
1679 983 1747 1036 sicut
1767 997 1848 1048 egeras
1870 987 1896 1034 ct

1105 1088 1193 1143 mulus
1208 1084 1294 1156 (Paul.
1313 1096 1390 1144 trst,
1403 1082 1442 1151 a).
1459 1078 1530 1134 Suut
1543 1093 1608 1148 ergo
1622 1077 1747 1132 immines
1762 1077 1807 1145 riui
1824 1073 1898 1142 aprid

1106 1179 1322 1234 [toritinnmsunt
1334 1175 1396 1245 egui
1409 1172 1523 1229 etmnli.
1544 1169 1577 1226 Et
1593 1170 1724 1226 Dominus
1734 1169 1772 1221 ait
1784 1185 1790 1222 :
1804 1165 1894 1219 Nolite

1105 1268 1235 1339 projicere
1243 1266 1405 1337 margaritus
1415 1273 1513 1318 uestras
1522 1272 1681 1331 oriteporoos
1689 1256 1800 1329 tilattlr.
1811 1271 1859 1316 ιιι,
1869 1255 1898 1324 6)

1107 1363 1173 1415 Sunt
1184 1375 1250 1429 ergo
1260 1360 1382 1414 bomiues
1391 1370 1416 1411 et
1425 1355 1511 1426 porei.
1523 1353 1556 1407 Et
1567 1353 1666 1408 iterum
1675 1353 1730 1420 ipse
1742 1349 1875 1402 Dominus
1888 1361 1898 1401 ι

1106 1451 1227 1522 Ecceego
1237 1453 1312 1505 mitto
1323 1450 1441 1504 uossicur
1450 1464 1509 1502 ouer
1519 1448 1546 1501 in
1556 1446 1640 1500 medio
1650 1445 1770 1514 luporum
1784 1440 1898 1511 (linitis.

1107 1543 1206 1614 ¹¹¹·6i·
1216 1543 1359 1609 Suntergo
1377 1541 1502 1597 lronrines
1517 1551 1544 1594 et
1556 1538 1629 1609 lnpi3
1644 1534 1835 1592 eteeootrarin
1849 1536 1898 1587 tro·

1106 1636 1188 1691 minis
1210 1644 1274 1691 sunt
1289 1644 1318 1691 et
1340 1649 1414 1690 ores.
1427 1633 1460 1689 Et
1483 1634 1520 1687 ait
1534 1634 1623 1686 adlinc
1652 1626 1782 1684 linurinns
1796 1625 1900 1681 Petro:

1106 1728 1194 1782 Parce
1220 1744 1278 1783 oues
1305 1744 1377 1781 meos
1398 1729 1493 1791 (Jourr.
1507 1741 1563 1789 xri,
1583 1723 1639 1788 lig
1666 1732 1693 1776 et
1715 1722 1772 1788 ipse
1789 1719 1865 1788 prins
1891 1735 1899 1772 a

1114 1820 1177 1876 leni
1184 1833 1242 1891 post
1252 1838 1291 1875 me
1304 1831 1327 1876 et
1339 1823 1436 1891 [eriam
1446 1820 1632 1884 tenircutorem
1642 1816 1778 1869 leontinum
1790 1811 1901 1876 (barro.

262 1925 406 1987 onulatns,
433 1930 458 1975 et
484 1920 553 1975 bene
576 1920 689 1973 vestitus
715 1917 865 1973 secundnm
890 1916 1054 1969 citeriorem
1070 1913 1091 1968 tt
1107 1929 1162 1978 ιιι,
1176 1916 1231 1982 to).
1248 1912 1393 1984 Sontergo
1404 1911 1562 1968 bortrineset
1573 1905 1731 1976 piscessed
1742 1908 1783 1959 bas
1809 1906 1902 1957 tonina

263 2016 400 2072 lmminem
424 2014 571 2079 rideretur,
589 2014 744 2080 increpatur
766 2026 779 2063 a
800 2008 924 2073 llornino,
941 2006 1054 2060 dieitur-

263 2106 375 2179 qne'illi
394 2122 400 2160 :
419 2103 511 2159 Nereis
535 2104 596 2173 quia
621 2111 649 2154 ιιι
669 2118 694 2154 es
711 2102 789 2154 ntiser
806 2110 828 2153 et
848 2097 1057 2161 reiteratione

263 2210 362 2267 pauper
384 2204 407 2249 et
432 2193 672 2259 concatenatione
691 2193 784 2262 (door.
801 2205 841 2257 ut,
859 2189 916 2259 trit
939 2188 989 2254 Qui
1004 2187 1058 2241 uti·

263 2304 327 2358 qne,
347 2298 375 2340 nt
398 2287 465 2353 ιιιιι,
486 2302 533 2340 nec
551 2286 611 2340 sine
631 2294 718 2348 reste,
737 2299 787 2337 nec
809 2284 869 2337 sine
893 2280 989 2343 oeulis,
1008 2294 1059 2335 nee

264 2382 324 2435 sine
349 2377 451 2431 diritiis
480 2376 641 2431 babebatnr.
669 2374 722 2428 Sed
748 2374 792 2427 ille
819 2371 964 2426 inuisibilis
988 2369 1059 2425 Deus

267 2477 359 2527 noster
384 2471 458 2525 illum
486 2469 650 2523 intlsibilem
676 2466 812 2520 bominem
835 2464 862 2517 in
887 2471 1057 2533 paupertate,

268 2566 293 2618 in
313 2563 444 2626 eaeeitate,
463 2562 489 2615 in
510 2559 633 2615 nuditate
658 2571 720 2614 esse
745 2556 874 2611 cernebat
890 2571 898 2608 :
914 2555 956 2609 cni
977 2555 1059 2607 etiam

267 2656 382 2710 snadere
396 2656 534 2725 dignatur,
552 2661 580 2704 ut
599 2650 706 2720 abipso
723 2663 819 2702 aurum
839 2653 973 2701 mercetur
990 2643 1060 2715 igni·

268 2758 335 2814 taisi,
354 2754 381 2803 et
396 2756 497 2800 uestem
519 2743 607 2799 albam
627 2757 680 2812 qua
703 2739 901 2812 gloriosissime
917 2737 1059 2799 vestiatur,

269 2854 293 2893 ιι
310 2837 452 2906 collyrium
470 2848 522 2903 guo
538 2835 653 2905 recipiat
667 2832 765 2886 uisum.
782 2828 868 2884 llabet
882 2835 985 2895 ergoet
998 2838 1061 2880 suos

268 2930 363 2984 ricolus
379 2938 477 2998 prater
494 2928 560 2981 istos
576 2925 712 2988 carnales,
728 2937 796 2993 quos
814 2930 902 2993 potest
918 2918 961 2975 uel
977 2917 1060 2973 amit·

270 3034 328 3078 tere
343 3023 381 3077 rel
397 3017 689 3087 cnrare;etest1usta
703 3029 733 3071 se
747 3017 846 3080 nudus,
859 3012 927 3068 adeo
940 3019 970 3066 ut
983 3019 1062 3081 egeat

268 3113 450 3179 vestiment03
466 3112 512 3166 sed
538 3110 607 3163 miro
630 3107 709 3164 modo
732 3107 765 3162 ad
789 3106 933 3171 medicum,
952 3113 982 3157 ιιι
1003 3103 1062 3172 ipse

269 3206 307 3257 ait
323 3201 463 3265 llorninus,
483 3201 612 3270 innititur,
631 3207 657 3252 et
673 3197 751 3267 jubet
771 3198 845 3252 illum
870 3212 884 3251 a
904 3211 933 3250 se
950 3193 1062 3249 diuitias

270 3309 439 3364 cnrrtpararn.
456 3292 559 3358 Quibus
576 3288 712 3345 mercibus
729 3289 751 3342 si
765 3297 793 3343 et
814 3289 903 3343 nuilus
918 3296 946 3342 et
959 3255 1096 3356 pauperC

270 3398 323 3451 est,
338 3388 377 3441 rel
393 3386 466 3439 illam
483 3395 584 3439 vestem
602 3383 812 3448 nobilissimam,
826 3380 869 3437 vel
883 3381 948 3435 illud
964 3393 1061 3433 aurum

271 3489 413 3552 purgatum
437 3480 492 3548 jam
514 3477 574 3548 igne
601 3473 783 3531 rriercabiturl
807 3473 883 3529 Unde
903 3472 1061 3529 commercii

271 3571 333 3625 talis
346 3571 443 3640 poterit
457 3584 519 3625 esse
537 3567 681 3639 impensa?
698 3569 821 3623 videlieet
839 3565 864 3622 si
881 3574 929 3622 aut
942 3564 1063 3620 exterio·

271 3663 311 3718 ris
327 3662 446 3717 bominis
462 3661 645 3717 emolumenta
663 3659 842 3722 transluceat,
858 3668 904 3712 ant
919 3658 986 3726 ipsis
1001 3658 1063 3729 qui·

275 3757 325 3810 bus
351 3763 408 3825 ipse
435 3754 510 3808 ilites
536 3752 687 3808 lorinsecus
716 3753 870 3818 videbatur,
887 3767 939 3806 non
964 3750 1064 3805 utendo

274 3850 392 3902 ditescat
409 3863 417 3901 ι
433 3845 579 3914 oculosque
609 3846 744 3915 eorporis,
765 3845 863 3914 ‹pribns
885 3843 1064 3899 mundialium

275 3940 433 4009 rapiebatur
451 3939 562 4016 ardore,
580 3938 707 4007 despectu
725 3946 861 4006 corruptae
879 3935 1065 3990 uniuersitatis

275 4032 404 4085 obcaecet.
422 4028 461 4083 lta
476 4027 521 4081 ille
536 4026 681 4082 inuisibilis
694 4029 786 4094 borno,
803 4027 848 4095 qui
863 4040 935 4090 rere,
951 4034 979 4080 nt
993 4024 1066 4078 disi·

277 4137 348 4186 triers,
366 4124 446 4175 ltomo
468 4129 521 4181 est,
540 4129 567 4173 et
590 4123 615 4172 in
639 4125 794 4185 contemptu
820 4118 899 4186 lnrjus
921 4115 1066 4170 exterioris

277 4212 421 4272 attollitur,
442 4219 469 4263 et
488 4210 611 4263 nuditate
628 4214 754 4275 vestitnr,
771 4219 797 4263 et
818 4209 943 4264 caecitate
967 4207 1066 4261 illumi·

277 4312 369 4357 ιιιιιιι.
394 4300 438 4355 Sic
456 4298 552 4363 iacob,
568 4299 697 4368 Ephraim
718 4311 744 4354 et
767 4299 921 4365 barrasson,
939 4309 1067 4370 nepotum

278 4411 400 4459 suorum,
421 4409 474 4450 uon
497 4394 585 4450 solum
605 4395 675 4460 loca,
692 4407 758 4447 tero
778 4394 859 4448 etiam
878 4396 986 4460 irrerita,
1004 4410 1067 4450 eor-

276 4503 359 4559 porea
382 4487 505 4542 cecitate
529 4486 658 4541 cernebat
683 4483 760 4556 (tien.
785 4485 891 4557 ιιιιιι).
913 4486 981 4541 Nam
1004 4502 1067 4543 cum

279 4671 419 4736 atterebat,
436 4685 487 4726 nec
512 4679 575 4724 ante
601 4669 684 4738 pedes
709 4683 774 4723 suos
795 4682 909 4724 cernere
923 4669 1070 4740 judicaret,

278 4763 365 4818 sensit
381 4764 408 4817 in
423 4762 545 4832 parennis
562 4760 740 4830 responsione
760 4760 836 4814 illum
854 4760 936 4815 etiam
956 4777 1014 4829 rma
1027 4777 1072 4817 es·

278 4866 339 4910 sent
360 4854 464 4920 lutura,
482 4856 648 4924 prospicere.
672 4850 725 4909 Sed
745 4861 775 4907 nt
794 4853 839 4907 ille
858 4853 974 4909 interior
990 4854 1073 4908 bomo

277 4946 444 5003 exteriorem
471 4945 553 5001 istum
580 4945 648 5000 iacit
670 4959 718 5000 sua
742 4945 795 4999 sita
820 4946 968 5013 virentem,
988 4955 1015 5000 et
1038 4945 1073 5001 de

278 5039 353 5093 lotrte
378 5046 483 5092 naturae
507 5050 563 5092 suae
583 5035 689 5090 arrimat
716 5033 871 5108 irrigando;
896 5035 936 5089 sic
962 5050 1071 5091 rursum

277 5131 396 5186 exterior
417 5143 465 5199 per
487 5126 668 5198 corruptelam
691 5127 840 5182 ruortilerae
860 5125 984 5181 materiei
1005 5141 1071 5193 snae,

278 5222 381 5279 itlnmsi
392 5218 588 5292 cupiditatibus
599 5204 835 5289 illicitlsalligarit,
844 5220 953 5273 oceidit.
964 5217 998 5273 Et
1009 5234 1072 5273 eum

278 5311 1074 5376 alternatttraerideaturalterius,trausitiuvictorisunus·

278 5411 393 5478 quisque
403 5406 598 5469 substantiam,
610 5414 641 5458 ut
654 5414 701 5458 ant
713 5403 849 5458 carnalem
865 5418 973 5475 ortoque
990 5405 1073 5474 spiri·

278 5502 362 5557 tnalis
375 5500 546 5570 spiritualem
569 5497 627 5553 suis
641 5497 787 5551 virtutibus
809 5507 927 5566 praestet,
943 5512 990 5551 aut
1011 5514 1073 5553 ear·

279 5599 367 5648 ttaleru
391 5595 509 5645 unituuut
531 5605 595 5646 caro
619 5590 715 5644 victrix
741 5593 801 5658 ejus
819 5590 929 5645 eliciat.
952 5591 1074 5659 licitique

280 5700 341 5739 enin
361 5684 493 5738 Dominus
515 5683 617 5747 dilutio
636 5681 727 5736 delere
753 5683 902 5736 liurnnnum
923 5697 1007 5750 getius
1027 5698 1075 5737 ιο·

280 5779 379 5844 gitaret
402 5778 514 5835 iratus:
533 5774 595 5831 Non
620 5774 803 5844 perornaretur,
827 5775 929 5843 inignit,
956 5772 1074 5844 Spiritus

281 5886 351 5926 triens
370 5870 397 5922 in
420 5869 577 5936 lanrrriniius,
591 5872 714 5940 qnoniam
730 5880 866 5922 corosani
882 5867 957 5938 (Gerr.
975 5883 1012 5936 ιι,
1029 5866 1069 5938 3).

1108 2015 1217 2061 actuum
1230 2007 1360 2061 ridentur
1371 2020 1443 2070 esse,
1458 2019 1512 2059 non
1524 2019 1685 2073 corporum.
1697 1998 1764 2053 b'am
1780 2000 1902 2068 corporis

1109 2098 1196 2153 nostri
1206 2108 1298 2154 certus
1307 2113 1347 2153 est
1357 2107 1456 2162 status,
1466 2104 1494 2150 ut
1506 2097 1627 2150 omnium
1642 2092 1822 2148 aninmmimn
1836 2106 1843 2143 a
1855 2091 1902 2143 sid

1108 2192 1236 2262 quosnam
1245 2197 1315 2260 apud
1325 2189 1409 2244 ileum
1419 2204 1472 2243 non
1480 2187 1514 2242 de
1525 2197 1597 2242 statu
1608 2187 1732 2256 eorporis
1746 2181 1844 2247 nostri,
1856 2184 1902 2237 sid

1109 2285 1142 2339 de
1159 2283 1221 2338 titae
1240 2282 1345 2338 rneritis
1358 2281 1528 2352 judicamur,
1551 2290 1665 2350 apparet
1686 2294 1795 2334 ornnem
1816 2276 1903 2330 tronti·

1105 2390 1172 2447 ,neor
1188 2384 1279 2430 niente
1294 2389 1342 2429 sua
1355 2373 1407 2428 sibi
1425 2374 1475 2442 ipsi
1492 2381 1591 2428 statum
1607 2386 1759 2439 nomenque
1775 2368 1903 2423 inrorare.

1110 2464 1189 2532 Quod
1208 2467 1301 2534 utique
1316 2481 1350 2519 ex
1366 2465 1438 2520 illius
1454 2480 1535 2533 quem
1551 2464 1737 2520 describimus
1761 2458 1904 2516 invisibilia

1110 2558 1241 2622 bominis,
1263 2567 1310 2611 aut
1330 2558 1408 2627 culpa
1436 2567 1484 2613 aut
1508 2558 1607 2612 virtute
1633 2565 1788 2627 praestatur.
1814 2554 1906 2625 ipsius

1111 2651 1247 2721 siquidem
1268 2651 1362 2704 uitium
1383 2660 1436 2715 est,
1462 2650 1485 2704 si
1508 2649 1648 2718 subjectus
1676 2664 1775 2716 passus
1792 2649 1828 2703 sit
1845 2662 1906 2703 esse

1110 2742 1267 2813 subjectns,
1297 2741 1320 2796 si
1350 2753 1445 2796 contra
1474 2743 1594 2796 divinam
1625 2741 1834 2808 dispositionem
1867 2740 1906 2794 sit

1111 2836 1137 2888 in
1161 2834 1301 2890 dominam
1329 2835 1459 2899 servitus,
1477 2845 1503 2889 et
1530 2837 1555 2887 in
1580 2835 1712 2889 servitute
1737 2833 1906 2887 dominatus.

1112 2927 1165 2982 Sed
1183 2943 1216 2982 oe
1234 2929 1327 2982 ridear
1344 2926 1484 2996 (quoidam
1500 2928 1636 2996 paululum
1650 2928 1756 2996 deiecto
1770 2929 1845 2980 uelut
1860 2939 1907 2993 pa·

1113 3019 1182 3073 riete
1206 3017 1241 3072 ad
1265 3018 1340 3073 illum
1369 3019 1534 3073 invisibilem
1561 3019 1699 3073 bominem
1724 3020 1908 3087 disputatione

1112 3109 1238 3181 perveni)
1250 3124 1350 3179 corpus
1364 3113 1474 3165 ottrninn
1487 3110 1641 3177 destruere,
1652 3111 1724 3180 quod
1736 3112 1804 3165 adeo
1817 3110 1907 3179 taragni

1112 3206 1153 3252 est
1179 3201 1356 3264 sacramenti,
1375 3209 1403 3252 ut
1430 3200 1455 3253 in
1481 3200 1531 3254 boc
1556 3201 1626 3279 ipso,
1648 3202 1673 3254 id
1695 3211 1748 3262 est,
1767 3201 1792 3252 in
1813 3209 1909 3254 nostru

1114 3288 1201 3360 fragili
1226 3299 1253 3346 et
1277 3291 1387 3345 inlrrmo
1408 3292 1540 3348 buntiuns
1563 3297 1679 3359 verterit,
1698 3308 1751 3349 nou
1778 3294 1829 3349 boe
1854 3296 1907 3364 egi,

1105 3393 1161 3437 ant
1175 3385 1227 3439 boe
1245 3399 1295 3455 ago
1310 3403 1317 3442 ι
1334 3385 1380 3440 sed
1397 3386 1461 3440 illud
1479 3388 1625 3443 ostendere
1642 3390 1752 3451 tentari,
1768 3387 1847 3455 lmjus
1861 3404 1909 3442 nx·

1116 3477 1226 3531 terioris
1267 3484 1350 3530 urtam
1388 3478 1460 3532 illius
1490 3477 1629 3534 interioris
1655 3481 1708 3534 rita
1737 3480 1907 3546 consistere;

1114 3569 1229 3634 iterum,
1258 3571 1397 3625 interioris
1428 3580 1541 3626 mortem
1572 3573 1738 3628 descendere
1766 3573 1846 3642 brrjns
1874 3576 1910 3630 de

1116 3669 1221 3726 morte;
1241 3661 1285 3715 nbi
1304 3663 1477 3729 propinatum
1495 3679 1630 3719 venenum
1653 3681 1702 3735 per
1725 3667 1790 3721 vitia
1814 3667 1909 3735 luerit,

1116 3753 1182 3806 nibil
1208 3753 1308 3808 babere
1329 3755 1411 3809 istum
1435 3757 1468 3810 de
1490 3757 1561 3822 tita;
1579 3759 1629 3813 nisi
1654 3758 1756 3814 abillo
1781 3761 1911 3830 irrigatus

1116 3843 1208 3907 luerit,
1229 3844 1295 3897 nibil
1321 3856 1432 3909 teneres,
1450 3848 1624 3918 alterumque
1647 3850 1675 3901 in
1698 3858 1823 3904 naturam
1842 3851 1910 3906 alte·

1118 3935 1184 4000 rius,
1200 3943 1229 3989 ut
1244 3936 1309 4002 diri,
1327 3945 1373 3991 ant
1390 3937 1520 3993 iniectum
1537 3941 1620 4004 uitiis,
1638 3948 1685 3994 aut
1702 3943 1840 3996 detersum
1856 3945 1912 3995 ιιι·

1118 4037 1174 4083 tute
1191 4030 1318 4093 transire.
1344 4029 1427 4098 lgitur
1442 4032 1571 4101 quostiam
1584 4032 1640 4102 jam
1658 4043 1685 4087 et
1704 4033 1749 4087 nbi
1765 4036 1801 4087 sit
1816 4035 1910 4101 boum,

1117 4129 1145 4175 et
1160 4120 1224 4188 nnio
1239 4123 1274 4175 sit
1293 4121 1386 4187 boum,
1404 4124 1525 4179 breuiter
1539 4123 1603 4178 licet
1617 4125 1736 4190 ostendi,
1753 4142 1815 4195 quae
1836 4143 1911 4182 truite

1118 4213 1175 4283 ejus
1194 4213 1312 4267 bominis
1330 4215 1380 4267 uita
1396 4217 1442 4280 sit,
1456 4217 1609 4271 rideamus.

1153 4299 1185 4354 ll.
1202 4301 1229 4354 Si
1245 4303 1316 4356 enim
1332 4301 1384 4357 ista
1402 4314 1480 4360 certe
1507 4307 1652 4361 iniuridialis
1678 4309 1745 4371 vita,
1761 4323 1822 4378 qua
1840 4308 1909 4362 itania

1120 4408 1171 4464 pro
1200 4394 1280 4449 botris
1307 4395 1399 4460 babet,
1416 4409 1443 4450 et
1458 4397 1528 4451 bona
1547 4414 1596 4467 pro
1622 4402 1713 4465 malis,
1728 4415 1809 4470 quam
1838 4411 1913 4456 totus

1119 4488 1194 4541 orbis
1207 4489 1331 4557 sequitur
1341 4498 1369 4543 et
1380 4490 1455 4552 colit,
1470 4506 1525 4545 riou
1537 4493 1595 4547 brec
1611 4495 1637 4546 in
1649 4492 1785 4549 affluentia
1799 4496 1909 4551 diuitia-

278 4580 353 4633 illum
368 4577 470 4648 lusepb
491 4575 564 4632 lilius
587 4591 665 4641 suus,
681 4575 726 4645 qul
750 4577 921 4645 supradictos
944 4578 1070 4646 parvulos
1085 4594 1111 4654 ο
1125 4593 1184 4631 ιιιιιι
1198 4590 1251 4645 est,
1271 4593 1324 4632 non
1340 4579 1368 4633 iu
1385 4579 1498 4651 lastigie
1519 4586 1657 4653 potentie,
1674 4601 1728 4642 nou
1752 4587 1867 4655 inieris
1887 4588 1913 4642 i-

1124 4671 1222 4726 ctionis
1238 4681 1310 4729 astu,
1335 4687 1389 4727 bon
1401 4672 1428 4726 in
1445 4677 1626 4745 pompositate
1643 4676 1787 4747 facundiae,
1803 4694 1856 4735 stou
1885 4688 1910 4736 ιιι

1124 4765 1227 4818 uiribus
1243 4779 1290 4832 per
1304 4765 1395 4834 praelia
1408 4768 1549 4835 gloriosis,
1570 4785 1625 4822 non
1642 4771 1667 4825 iu
1685 4775 1833 4839 mercibus,
1850 4789 1912 4842 pro·

1124 4865 1275 4909 tructarum
1288 4859 1439 4911 mutatione
1452 4868 1479 4912 et
1487 4861 1529 4913 sui
1543 4862 1767 4931 peregrinatione
1782 4879 1912 4918 crescen-

1126 4951 1207 5015 tibus,
1223 4966 1277 5004 uon
1293 4951 1320 5005 iu
1332 4951 1470 5006 latrocinio
1498 4952 1558 5007 lnrn
1570 4970 1661 5018 arunt,
1690 4971 1745 5010 nnn
1760 4957 1786 5011 in
1809 4957 1914 5013 ambitu

1125 5057 1278 5109 ururrerum,
1296 5057 1350 5097 uon
1366 5046 1394 5097 in
1419 5046 1463 5098 bis
1485 5056 1528 5099 est
1555 5046 1674 5114 denique
1702 5048 1831 5103 omnibus
1854 5063 1915 5117 quaa

1125 5132 1271 5199 uidemus;
1289 5137 1416 5204 quorriam
1435 5147 1531 5192 cuncta
1547 5138 1605 5193 baec
1635 5138 1774 5208 occidunt,
1797 5149 1826 5195 et
1854 5143 1916 5198 sine

1125 5225 1187 5280 istis
1199 5227 1279 5281 beate
1308 5229 1391 5282 etiam
1415 5228 1493 5298 juxta
1517 5231 1646 5284 seculum
1673 5233 1726 5286 riri
1753 5238 1831 5288 solet.
1862 5237 1915 5290 Sed

1126 5319 1172 5374 illa
1187 5329 1229 5375 est
1249 5319 1304 5375 vita
1320 5336 1395 5386 vera,
1413 5322 1467 5376 rita
1484 5325 1651 5390 reiteranda,
1669 5325 1753 5379 Deum
1771 5342 1864 5389 nosse,
1879 5333 1915 5384 ti·

1127 5426 1202 5466 inere
1217 5411 1276 5480 ejus
1294 5414 1454 5480 potentiam,
1467 5428 1559 5467 amare
1574 5415 1717 5483 pietatem,
1733 5420 1862 5474 tridudum
1888 5422 1915 5475 iu

1125 5505 1343 5574 opibcernirari,
1370 5506 1606 5576 interpellatorem
1636 5525 1824 5578 contemmere,
1852 5531 1918 5570 essu

1125 5599 1200 5652 uictu
1219 5600 1327 5654 modico
1344 5616 1394 5669 pro
1421 5610 1525 5656 natmae
1551 5607 1713 5661 necessitate
1742 5621 1914 5674 contentum,

1127 5701 1203 5742 ueste
1219 5689 1264 5742 nili
1288 5691 1328 5744 rel
1341 5706 1390 5760 pro
1402 5693 1516 5762 pudoris
1532 5696 1647 5759 ratione,
1666 5701 1707 5751 tel
1722 5714 1770 5766 pro
1784 5707 1917 5770 ternpmrs

1127 5782 1228 5849 tnguriu
1244 5784 1452 5839 currimunitum.
1469 5785 1516 5841 Sic
1530 5788 1662 5857 reliquam
1677 5801 1843 5857 creaturam,
1862 5809 1917 5847 nou

1127 5874 1218 5962 exsui
1232 5876 1320 5946 eopia,
1340 5878 1380 5932 rel
1394 5894 1442 5948 pro
1461 5880 1534 5935 nitati
1553 5884 1622 5938 ratio
1635 5898 1669 5949 ι,
1687 5886 1733 5941 sed
1755 5900 1804 5955 pru
1832 5888 1915 5943 artn-
