4109 6434
207 445 262 509 tlt
687 446 717 506 S.
739 443 958 512 HIERONYMI
979 446 1141 508 OPssliUbl
1167 447 1369 510 meurisse.
1771 440 1825 506 tit

209 553 401 612 nitatisomue
430 555 503 628 quod
530 556 676 612 inmundo
700 552 827 627 potimur,
853 574 906 612 una
932 547 1488 629 diesAClrristinihilpraetersshristum
1519 555 1612 613 babet.
1645 556 1736 612 llutsi
1760 555 1828 625 quid

209 645 340 714 appellari
358 647 737 716 potest‚nonbabitationis,
765 650 812 705 sed
834 650 990 721 peregrina·
1043 660 1142 722 praeter
1154 649 1292 704 Christum
1307 647 1398 711 babet,
1412 647 1549 716 perlectus
1574 663 1627 703 non
1656 657 1707 703 cst.
1742 647 1828 716 igitur

210 738 304 792 tionis.
318 735 385 792 tiam
395 738 516 809 quotidie
525 750 724 795 commutamur
742 757 749 794 :
765 748 856 797 tamon
873 751 991 798 aeternos
1043 751 1073 796 ot
1090 741 1263 804 concludam,
1280 738 1304 794 si
1320 736 1455 807 perlectus
1466 752 1506 803 es,
1534 754 1583 792 cnr
1609 739 1678 792 bona
1712 746 1828 808 paterna

210 844 261 884 nos
280 831 428 887 credimus.
449 830 696 903 lloeipsumquod
714 833 1005 904 diemqnodscribo.
1043 829 1361 887 desiderasibomines
1394 829 1558 897 evangelicis
1591 827 1702 883 roribus
1730 833 1829 882 tonat:

208 921 280 985 qnod
307 922 375 991 tego,
401 923 474 992 quod
489 925 615 991 emendo,
635 927 668 981 de
694 926 750 980 trita
767 941 827 982 ritca
855 928 990 982 lralritnr.
1045 921 1107 976 Non
1119 921 1227 992 potestis
1242 920 1343 974 dsobars
1355 922 1471 975 dominis
1488 916 1828 987 serviscillutrlr.rr,2l),

209 1008 282 1074 Quot
295 1022 394 1079 puncta
411 1014 522 1080 notarii,
541 1025 581 1069 tot
595 1030 716 1071 meorum
731 1017 830 1071 damna
844 1027 908 1072 sunt
924 1026 991 1079 tem·
1042 1023 1068 1070 et
1094 1014 1176 1069 audet
1202 1015 1344 1083 tluisqnam
1369 1016 1525 1069 mendacem
1556 1013 1694 1068 Christum
1726 1012 1829 1073 lacere,

210 1116 317 1167 riorum.
342 1101 443 1158 Omnes
459 1120 573 1177 namque
605 1107 704 1163 diritiae
723 1108 757 1162 de
788 1108 992 1178 iniquitatede-
1043 1113 1246 1161 mammonaeet
1264 1104 1373 1160 Christo
1400 1104 1632 1170 serviendottiui
1649 1107 1710 1160 dicit
1740 1121 1767 1157 ss
1799 1105 1829 1155 is

209 1195 345 1248 scendunt
363 1213 370 1250 r
386 1196 438 1251 uisi
455 1198 523 1252 alter
539 1198 698 1268 perdiderit,
712 1199 783 1254 aiter
797 1199 921 1256 invenire
935 1216 990 1256 non
1045 1194 1180 1253 Christum
1192 1197 1308 1261 credere,
1324 1196 1400 1252 debet
1415 1198 1546 1267 quomodo
1559 1197 1603 1251 ille
1619 1196 1774 1261 saisierit,
1789 1196 1830 1250 sir

209 1296 308 1353 potest.
328 1286 404 1343 Unde
420 1291 526 1360 vulgata
549 1292 682 1347 sententia
702 1293 767 1346 nrilri
792 1293 903 1347 ridetur
930 1309 992 1349 csse
1043 1286 1216 1358 assisteret!
1226 1287 1307 1344 loon.
1322 1304 1352 1351 n.
1364 1287 1403 1357 li).
1414 1289 1522 1343 suatim
1539 1289 1614 1344 dives
1627 1298 1681 1352 eil·
1699 1288 1822 1355 1111111111

209 1377 374 1434 verissima:
394 1379 481 1444 Diues,
501 1392 547 1437 out
571 1383 689 1453 iniquus,
715 1393 759 1437 urst
781 1385 866 1454 iniqui
896 1384 990 1441 borres.
1042 1381 1152 1436 Cirrlsto
1167 1388 1335 1451 pauperent.
1350 1379 1418 1435 Nam
1434 1383 1506 1436 serti
1520 1380 1578 1442 Del·
1609 1383 1655 1448 qui
1682 1380 1779 1434 diebus
1801 1387 1830 1433 0⁸

209 1468 292 1524 tides
308 1471 380 1525 enim
394 1472 518 1528 bomines
529 1473 611 1529 maria
629 1475 758 1539 transire.
773 1486 835 1530 ante
851 1485 992 1548 potentum
1044 1474 1169 1529 noctibus
1183 1475 1306 1528 serviunt
1318 1473 1435 1529 Domino
1453 1488 1514 1538 sno,
1532 1473 1578 1541 qni
1596 1473 1624 1527 in
1644 1474 1728 1527 terris
1746 1471 1829 1540 positi

144 1580 152 1601 .
209 1561 345 1617 excubare
360 1561 444 1637 loreq.
461 1567 515 1632 pati
531 1567 622 1621 omnia
642 1580 856 1634 qrraescrrorum
873 1566 993 1623 conditio
1044 1563 1201 1630 angelornm
1233 1562 1375 1619 imitantur
1402 1566 1652 1628 conversationem,
1694 1573 1722 1617 et
1760 1562 1830 1616 nibil

209 1653 253 1705 rix
270 1653 381 1722 patitur,
396 1664 425 1708 ut
435 1653 543 1710 diritius
556 1666 732 1728 congregent,
748 1667 776 1710 ut
788 1658 905 1727 aliquam
918 1660 990 1713 aeci·
1046 1654 1117 1708 eliud
1128 1652 1287 1722 Ιοιιιιιίιιι,
1300 1656 1350 1710 nisi
1369 1656 1441 1725 quod
1457 1656 1490 1710 sd
1510 1654 1605 1710 laudes
1625 1653 1672 1710 Del
1697 1655 1830 1722 wilheis

210 1743 285 1811 piant
300 1744 524 1814 dignitatemret
536 1759 680 1818 postquam
700 1750 752 1805 boe
765 1747 868 1806 luerint
896 1764 994 1805 conse·
1048 1747 1298 1802 babentesrictum
1330 1758 1358 1801 et
1385 1747 1525 1814 amictum,
1548 1747 1589 1801 bis
1617 1745 1736 1800 contenti
1766 1752 1833 1799 sunt

210 1833 276 1900 cuti,
295 1836 402 1891 tradere
427 1853 457 1894 se
480 1837 595 1894 luxurias
616 1849 644 1896 et
660 1841 843 1912 voluptatibus
875 1846 992 1896 etomni
1046 1841 1159 1907 divitiis,
1177 1842 1222 1909 qni
1240 1841 1299 1911 plns
1311 1843 1413 1898 babere
1440 1842 1583 1908 nolunt,si
1602 1851 1691 1894 tamen
1719 1847 1833 1893 serram

211 1924 362 1996 iniquitati,
393 1940 422 1985 ut
453 1933 524 2002 quod
555 1931 671 1987 avaritia
698 1945 857 2004 congregat,
887 1900 1224 2000 iurrriasspropusimm.
1242 1931 1369 2001 Alioquin
1399 1933 1422 1986 si
1449 1933 1567 2000 amplius
1591 1932 1760 1994 desiderant,
1789 1929 1836 1985 lris

211 2031 363 2075 consumat.
986 2058 987 2061 η
1045 2036 1229 2091 qnoquequae
1258 2024 1413 2078 trercssaria
1439 2033 1513 2086 surii,
1541 2024 1689 2092 probantur
1714 2022 1833 2093 indigni.

247 2111 292 2165 isti
304 2127 369 2183 ergo
383 2128 433 2183 pro
449 2113 587 2170 laboribus
600 2116 658 2170 suis
670 2115 828 2172 efficiuntur
845 2117 991 2187 bospirium
1045 2112 1184 2181 Quidquid
1203 2120 1294 2171 tamen
1309 2129 1424 2182 corpora
1440 2124 1533 2167 nostra
1554 2112 1702 2168 defendere
1729 2123 1832 2182 potest.

212 2202 377 2257 rtaerrronum.
405 2202 456 2270 Qui
479 2203 607 2274 templum
631 2207 675 2260 liei
692 2220 754 2260 esse
767 2206 914 2266 debebant.
927 2207 995 2261 liunt
1045 2212 1073 2257 et
1091 2204 1218 2259 bunranae
1234 2218 1397 2261 succurrere
1428 2205 1620 2272 imbecillitati,
1649 2221 1717 2274 quos
1742 2207 1835 2261 nudos

213 2293 391 2349 tabernacula
406 2294 577 2366 AErbiopum.
588 2295 733 2366 Postquam
750 2298 823 2352 enirn
840 2298 917 2353 ditati
936 2299 994 2354 luc·
1046 2308 1143 2350 namra
1154 2295 1305 2364 profundit,
1320 2295 1377 2350 brec
1391 2312 1443 2350 nna
1470 2298 1628 2366 appellanda
1656 2308 1700 2352 est
1728 2297 1835 2355 tunica.

212 2387 276 2446 rint,
297 2396 324 2440 et
354 2402 401 2455 per
416 2385 456 2443 las
482 2398 509 2443 et
536 2388 611 2444 rreias
628 2390 663 2443 ad
688 2389 853 2443 altissimum
880 2391 994 2459 pradum
1081 2386 1240 2456 Sierqoris
1256 2401 1316 2441 esse
1341 2388 1413 2456 quod
1431 2391 1629 2458 prophetasse
1652 2391 1723 2458 quod
1750 2388 1835 2442 Cirri-

211 2477 678 2542 conscenderint,tunccorrrcientia
696 2490 869 2547 pcccatorum
880 2497 993 2538 suorum
1046 2488 1164 2540 stusest‚
1179 2478 1213 2532 da
1236 2480 1411 2548 pauperibus,
1427 2496 1481 2551 quo
1492 2481 1641 2536 necessitas
1654 2489 1833 2543 sustentetur,

211 2580 319 2636 semper
336 2574 463 2627 mortem.
481 2581 589 2638 semper
601 2567 733 2637 indicium
757 2568 954 2633 formidabunt,
968 2581 996 2623 et
1047 2581 1100 2620 non
1128 2582 1184 2634 quo
1215 2581 1281 2637 opes
1310 2569 1654 2638 augeantur3quodquesi
1681 2569 1746 2638 quid
1774 2567 1835 2637 plus

213 2657 346 2711 certiorem
370 2657 819 2729 febriculam,qnasilstronesin
837 2662 996 2718 carcer-erle
1046 2657 1130 2713 habes
1145 2671 1226 2726 quom
1240 2658 1288 2713 tibi
1306 2661 1341 2715 td
1366 2661 1466 2715 victum
1498 2664 1678 2731 vestitumque
1708 2673 1836 2716 seem

212 2748 324 2802 resumis
341 2749 483 2818 suppliciis
500 2751 688 2820 suspirabunt.
717 2750 926 2807 biritesautem
949 2752 994 2822 qui
1047 2751 1258 2814 rinmcst,iitud
1288 2766 1390 2823 eroga;
1409 2753 1436 2806 in
1470 2753 1515 2807 illn
1539 2753 1689 2807 debitorem
1721 2763 1749 2808 te
1772 2765 1834 2807 esse

211 2839 327 2908 inpressi
340 2851 402 2895 sunt
414 2855 495 2911 reqna
519 2841 662 2904 coelorum,
677 2841 744 2912 ipsis
756 2842 857 2898 divitiis
870 2844 902 2896 ad
926 2841 994 2897 bona
1047 2840 1166 2895 noteris.
1179 2840 1246 2895 Nam
1267 2843 1357 2897 alienu
1370 2858 1466 2912 rapere
1482 2845 1666 2910 consineitur,
1681 2844 1726 2913 qui
1763 2845 1834 2909 ultra

212 2937 320 2984 utentes
335 2943 429 2999 opera,
444 2930 542 2987 diriter
554 2947 615 2987 esse
638 2932 787 2998 desierunt,
809 2933 837 2988 ct
852 2933 996 3003 dispensa·
1048 2931 1199 3006 [Hatsiun.
1214 2940 1267 2987 tac.
1285 2933 1354 2987 ultra
1367 2932 1540 3004 luccessarta
1566 2935 1617 2990 sibi
1644 2935 1762 2990 retinere
1788 2949 1834 2989 eo·

212 3021 446 3095 toresmapisllci
479 3039 562 3094 quam
579 3024 679 3080 divites
694 3026 862 3096 appellandi.
876 3025 996 3082 Obsecro
1048 3022 1577 3095 iratuntilericiqnoqueqnidebonis
1604 3037 1749 3097 pareutum
1771 3039 1834 3081 sits·

212 3130 277 3185 crgo
294 3124 331 3182 te,
347 3130 381 3171 ne
397 3117 471 3172 lucra
494 3117 586 3172 rutundi
605 3119 631 3174 itt
650 3118 749 3174 Cirristi
766 3134 872 3187 qureras
888 3121 994 3174 militia.
1049 3119 1147 3172 tentari
1170 3129 1298 3186 possunt,
1314 3118 1415 3186 siquid
1441 3135 1591 3189 pauperum
1621 3120 1771 3189 accipiunt,
1792 3132 1835 3171 ss·

212 3203 412 3276 Negotiatorem
424 3206 566 3274 clericum,
584 3219 612 3264 et
624 3225 657 3265 ex
673 3213 869 3280 inopediritenr
883 3207 1188 3291 lacturnccrithinm
1207 3209 1330 3275 prolecto
1345 3209 1528 3264 committunt.
1558 3210 1615 3264 Scit
1647 3208 1718 3262 enirn
1748 3206 1835 3261 bostis

212 3312 246 3351 er
261 3299 370 3366 ignobili
384 3299 631 3371 pluriosurrr,qnaei
642 3305 788 3371 quamdam
804 3316 907 3372 pestem
921 3304 992 3373 inge.

211 3387 244 3441 lit
258 3391 407 3457 presertim
421 3407 482 3446 cunr
498 3391 581 3445 seiam
594 3400 620 3446 te
635 3394 684 3446 toti
697 3395 866 3449 renuntiasse
883 3395 993 3460 mundo,

212 3482 363 3552 ctairiortis
392 3483 686 3556 celestisqmdirniis‚
713 3486 842 3554 orationi,
870 3486 992 3550 lectioni,

211 3575 322 3647 jejuniis
343 3591 440 3632 secare
465 3578 596 3648 quotidie.
626 3575 825 3635 Procuratores
844 3594 953 3649 qnoque
967 3588 994 3635 et

212 3668 417 3740 dispensatores
443 3672 583 3726 domorum
601 3671 752 3726 alienorum
768 3681 852 3740 atque
867 3671 993 3725 villarum

211 3761 306 3817 clerici
321 3776 450 3817 essenon
474 3770 586 3831 possunt
603 3777 611 3819 ι
631 3762 677 3832 qui
702 3762 828 3831 proprias
858 3762 995 3832 jubentur

212 3864 388 3910 contemnere
403 3853 559 3910 divitiarum
572 3852 729 3909 facultates.
745 3851 876 3908 Avaritiae
887 3867 994 3924 quoque

212 3946 311 4000 irralum
330 3945 377 4000 tibi
393 3945 504 4001 onnriuo
526 3945 664 4000 ritandum
682 3957 736 4011 est,
751 3960 803 4000 uon
822 3960 876 4015 quo
906 3943 994 3999 aliena
1017 3999 1021 4003 ,

213 4053 266 4092 non
291 4050 415 4108 appetas,
431 4040 484 4095 boc
497 4041 569 4094 enim
584 4050 610 4094 et
625 4040 738 4109 publice
762 4038 835 4106 leges
852 4036 969 4106 puniunt
985 4049 994 4102 ;

211 4129 258 4180 sed
274 4143 328 4196 qno
342 4136 398 4191 tua,
412 4142 473 4196 quse
491 4127 537 4182 tibi
554 4137 618 4182 sunt
646 4128 746 4192 altena,
766 4142 818 4180 non
834 4140 937 4181 sortes.
965 4122 995 4177 Si

212 4220 240 4272 in
254 4218 360 4282 alieno,
384 4218 580 4286 inquiereres
604 4235 657 4272 non
677 4218 771 4288 fuistis,
786 4219 855 4286 quod
880 4226 995 4270 nestrum

212 4318 260 4374 est,
275 4313 332 4380 quir
346 4311 420 4364 dubit
437 4311 507 4365 robis
518 4310 596 4382 iisne.
622 4327 678 4375 stt.
696 4310 740 4380 ts)
755 4311 767 4364 i

247 4403 300 4458 Sed
322 4405 390 4459 dicis
407 4424 415 4460 r
433 4403 545 4460 turonis
566 4419 626 4459 sum
650 4404 795 4468 delicatus,
812 4414 840 4458 ct
871 4402 996 4459 sirenibus

212 4495 281 4550 meis
294 4495 419 4552 laborare
434 4510 486 4550 non
499 4511 607 4566 possum
622 4511 630 4562 ;
645 4510 667 4549 st
686 4498 719 4549 ad
730 4504 868 4550 senectam
884 4509 994 4561 renero,

1049 3300 1176 3368 antiquus
1196 3299 1280 3367 magis
1292 3297 1465 3352 continentiae
1485 3313 1565 3367 qnam
1583 3308 1759 3351 nummorum
1772 3306 1836 3348 esse

1048 3401 1197 3447 certamen.
1227 3389 1317 3446 Facile
1348 3406 1465 3460 namque
1491 3390 1618 3460 abjicitur
1647 3388 1719 3456 quod
1750 3387 1836 3441 beret

1048 3482 1231 3535 extrinsecus.
1248 3478 1407 3535 intestinum
1436 3482 1537 3536 bellurn
1569 3479 1752 3550 periculosius
1780 3487 1834 3534 est.

1084 3570 1213 3629 Zorlraeus
1230 3572 1306 3627 diros
1322 3585 1392 3638 eret,
1409 3573 1523 3642 apostoli
1537 3585 1670 3642 pauperes
1681 3586 1690 3637 ;
1701 3580 1728 3625 et
1743 3585 1834 3640 quan·

1049 3677 1104 3723 tum
1122 3667 1155 3720 ad
1171 3664 1279 3723 diritius
1296 3663 1375 3730 uiuit,
1388 3677 1517 3735 quantum
1532 3666 1566 3718 ad
1594 3662 1761 3717 voluntatem
1792 3670 1836 3716 to·

1049 3771 1106 3817 tum
1124 3763 1252 3816 nrnndum
1280 3761 1459 3831 reliquerunt.
1489 3761 1519 3814 Si
1548 3758 1696 3813 oderamus
1724 3754 1837 3810 Cirrlsto

1049 3870 1114 3924 opes
1127 3870 1188 3909 cum
1201 3855 1291 3908 anima
1306 3864 1409 3918 nostra,
1423 3853 1538 3908 libenter
1548 3851 1689 3921 suscipiet.
1699 3845 1727 3902 Si
1742 3857 1837 3902 autera

1049 3964 1108 4017 quae
1124 3950 1188 4002 loris
1200 3954 1263 4001 sunt
1278 3947 1346 4013 lieo,
1360 3961 1420 4015 quae
1437 3946 1512 4001 intus
1528 3945 1638 3999 diabolo
1654 3943 1760 4004 demus,
1780 3952 1837 3993 nott

1049 4049 1092 4093 est
1114 4053 1189 4109 equa
1205 4041 1325 4109 partitio.
1360 4037 1430 4094 Nolo
1459 4038 1540 4108 igitur
1569 4037 1639 4107 quod
1669 4049 1700 4088 ea
1730 4040 1836 4086 tantum

1049 4129 1159 4194 oderas,
1172 4145 1233 4199 quse
1249 4136 1338 4199 potest
1348 4129 1392 4183 lur
1404 4141 1507 4205 rapere,
1525 4127 1611 4180 lrostis
1623 4123 1760 4185 invadere,
1773 4137 1838 4190 prn-

1049 4222 1162 4291 seriptio
1180 4221 1285 4283 toliere,
1299 4229 1328 4276 et
1352 4236 1412 4288 qeae
1430 4220 1463 4273 ed
1488 4219 1575 4272 instar
1590 4219 1723 4270 undarum
1745 4224 1773 4266 et
1786 4211 1838 4266 du-

1049 4322 1142 4368 ctuum
1159 4328 1173 4367 a
1190 4311 1400 4367 succedentibus
1415 4310 1466 4364 sibi
1480 4308 1598 4363 dominis
1611 4315 1792 4373 occupantur,
1807 4310 1836 4357 ct

1049 4420 1109 4474 quse
1121 4404 1192 4460 nolis
1205 4405 1271 4460 reiis
1289 4404 1314 4457 iu
1327 4415 1413 4458 rnorte
1428 4402 1590 4456 dimissurus
1607 4413 1648 4453 es.
1663 4396 1732 4451 lllud
1756 4394 1836 4449 oller.

1051 4496 1125 4567 quod
1153 4496 1246 4551 nullus
1280 4496 1330 4551 tibi
1366 4493 1454 4565 possit
1485 4490 1572 4546 bostis
1607 4487 1727 4542 aulcrre.
1768 4483 1837 4538 lisnr

212 4588 234 4643 si
252 4599 383 4658 aegrotare
396 4604 515 4659 coepero,
531 4589 592 4656 quis
606 4587 946 4644 mcimiserebiturlltudi
960 4579 1143 4646 adDaurum
1171 4594 1317 4660 deponere,
1363 4587 1552 4658 incipientium
1582 4592 1643 4647 est,
1689 4595 1745 4633 non
1776 4591 1839 4647 per·

212 4682 349 4750 apostolos
364 4683 520 4751 loquentem
535 4680 630 4736 lesum
650 4699 657 4735 :
675 4681 714 4736 Ne
729 4684 848 4752 ropitetr's
871 4684 898 4736 in
919 4682 997 4737 corde

212 4784 307 4840 restro,
319 4775 382 4845 quid
397 4777 574 4839 marcescens,
594 4791 673 4846 neque
691 4776 796 4845 corpori
811 4785 907 4839 restro,
931 4775 995 4845 quid

214 4870 376 4924 induemini.
387 4869 483 4923 Notene
495 4871 653 4940 arrimoplus
672 4879 711 4923 est
725 4886 805 4938 quum
816 4886 889 4934 essu.
901 4879 925 4923 et
939 4886 997 4924 ror-

212 4977 262 5030 ptrs
289 4961 347 5030 plus
358 4972 396 5015 est
412 4978 491 5032 qaam
507 4963 688 5017 vestimentum
701 4965 714 5020 i
726 4962 860 5031 Respicite
874 4963 997 5019 volatilia

212 5056 280 5120 cccli,
295 5057 418 5124 quonism
433 5063 582 5110 senserunt
597 5071 678 5124 neque
702 5064 814 5120 rnetnnt,
839 5070 921 5127 neque
936 5071 998 5108 con-

212 5158 319 5219 qreqrrnt
330 5149 357 5201 iu
372 5148 478 5213 borres,
490 5158 515 5201 et
532 5147 614 5201 Pater
627 5155 710 5202 nester
722 5147 835 5203 celestis
850 5148 936 5216 poscit
950 5149 997 5202 iila

210 5239 324 5306 siluttlr.
337 5255 372 5308 ιι,
381 5239 427 5305 25.
437 5239 495 5311 26).
507 5238 535 5293 Si
552 5241 633 5294 restis
646 5240 772 5304 deluerit,
788 5241 831 5295 ills
847 5253 999 5310 proponan-

214 5346 270 5388 tur.
286 5332 316 5389 Si
326 5334 465 5400 esurieris,
476 5334 569 5388 beatos
582 5337 678 5388 utrdias
695 5347 827 5402 pauperes
838 5342 865 5388 et
876 5334 999 5387 esurien-

215 5436 266 5480 tes.
279 5426 308 5479 Si
321 5426 419 5495 aliquis
431 5423 559 5481 afflixerit
574 5425 664 5488 dolor,
677 5425 759 5494 leqito
773 5425 838 5479 illud
854 5424 997 5494 Apostoli:

128 5539 134 5549 ·
216 5515 331 5587 Propter
344 5517 394 5570 lroc
409 5517 558 5586 complaceo
583 5515 647 5568 milri
670 5516 698 5569 in
719 5512 919 5583 infirmitatibus
934 5515 998 5567 meis

213 5605 255 5676 iti
269 5606 332 5663 Gor.
350 5625 399 5674 sn,
412 5608 451 5678 9).
767 5674 775 5681 ,

248 5698 316 5755 lllud
328 5708 418 5755 autern
430 5699 502 5770 quod
515 5698 643 5755 derelicta
672 5699 781 5763 militia,
809 5699 936 5756 castrasti
972 5709 999 5755 te

213 5798 419 5861 propterreqna
450 5790 595 5858 coelorum,
631 5791 696 5860 qum
726 5790 798 5844 alind
829 5805 910 5860 quarn
935 5807 997 5861 per-

202 5882 438 5938 leessmsecurus
455 5896 486 5938 es
501 5882 582 5939 ritem
596 5882 608 5937 i
620 5881 761 5940 Perfectus
790 5890 879 5939 autem
903 5897 997 5941 serius

1052 4683 1203 4739 lectorum:
1218 4697 1248 4736 se
1264 4681 1352 4751 ipsum
1372 4679 1471 4735 oilerre
1483 4678 1549 4740 lieo,
1565 4671 1674 4746 proprie
1702 4668 1838 4723 Christis·

1052 4789 1150 4828 norum
1169 4786 1219 4828 est.
1234 4774 1290 4829 Nec
1305 4776 1376 4828 enlm
1396 4773 1541 4841 imaginem
1557 4763 1680 4823 crucilisi
1716 4761 1836 4830 praedest.

1053 4867 1164 4937 nisiqui
1183 4867 1211 4921 in
1239 4867 1290 4920 boe
1323 4867 1424 4921 saeculo
1453 4879 1483 4919 se
1514 4860 1614 4916 nudum
1646 4865 1840 4922 rtrortuumqtto

1054 4957 1214 5013 reddiderit.
1231 4955 1338 5011 inlinita
1355 4969 1473 5024 namque
1490 4953 1524 5007 de
1540 4951 1690 5020 Scriptnris
1712 4945 1840 5014 excrnpia

1053 5051 1236 5118 suppeditent,
1247 5063 1306 5119 quae
1321 5048 1463 5103 avaritiam
1474 5047 1587 5102 docernt
1598 5056 1659 5098 esse
1673 5039 1840 5110 lugieudsm.

1089 5139 1190 5195 Verum
1209 5146 1281 5210 qnod
1297 5157 1351 5196 non
1372 5153 1435 5196 ante
1450 5142 1541 5208 plnres
1558 5151 1645 5191 arruos
1664 5141 1770 5204 gestum
1802 5128 1841 5182 sit

1053 5235 1184 5289 rel'cram.
1199 5235 1315 5300 Quidum
1333 5248 1366 5287 es
1382 5232 1513 5287 iratribus
1538 5230 1646 5300 parcior
1671 5239 1752 5294 quam
1775 5236 1843 5276 ara·

1055 5329 1122 5387 rior.
1154 5329 1279 5382 nesciens
1301 5327 1411 5397 triginta
1426 5325 1546 5380 denariis
1575 5319 1717 5375 bortrinuur
1744 5312 1840 5369 rendi·

1055 5429 1124 5486 turn,
1138 5429 1245 5474 rentum
1259 5421 1371 5486 solidos,
1391 5433 1460 5488 quos
1472 5416 1527 5470 lina
1553 5415 1670 5469 terendo
1701 5408 1842 5475 acquisie-

1055 5523 1109 5575 rat,
1126 5513 1245 5564 moriens
1262 5510 1418 5579 dereliquit.
1449 5507 1546 5561 initum
1575 5514 1615 5560 est
1644 5504 1713 5557 inter
1746 5512 1829 5553 mona

1055 5606 1123 5660 titos
1137 5605 1282 5660 consilium
1300 5601 1381 5673 (narn
1401 5604 1427 5656 iu
1443 5604 1537 5656 eodem
1552 5599 1611 5653 loco
1624 5596 1733 5651 circiter
1757 5590 1843 5660 quin·

1055 5713 1110 5768 que
1124 5696 1206 5750 millia
1223 5697 1318 5752 divisis
1333 5695 1439 5752 cellulis
1474 5686 1655 5760 babitabant]
1673 5684 1737 5757 quid
1769 5682 1844 5737 lacto

1044 5803 1122 5880 lopus
1134 5797 1218 5843 esset.
1236 5789 1288 5843 titi
1305 5787 1471 5859 pauperibus
1485 5781 1689 5841 distribuendos
1712 5791 1774 5832 esso
1798 5775 1845 5831 di·

1056 5878 1341 5950 commendandos
1371 5880 1497 5938 Ecclesisc
1511 5896 1519 5934 s
1535 5876 1659 5936 normulli
1677 5868 1842 5943 parentibus
