4109 6434
208 395 264 462 873

761 353 1023 467 nanostrtottrt
1038 400 1162 462 nrtsr.
1176 399 1227 460 tn
1241 395 1378 460 erens.

1755 462 1758 467 ,
1784 396 1838 464 sit

211 507 317 565 tatesd
337 516 459 564 nostram
483 508 704 565 etnettdationem
728 512 854 567 assumit.
889 513 923 569 Et
941 512 998 567 baec
1011 522 1037 583 g
1089 508 1263 566 sllocenin»
1290 510 1400 575 scitote,
1430 507 1623 581 intelligentes,
1653 510 1724 579 quud
1747 512 1838 569 onmis

207 613 260 670 est,
272 616 333 672 quae
347 603 461 657 assutttit
476 602 559 658 ileum
573 612 601 658 et
617 601 767 669 bominem,
783 604 881 660 barum
896 605 996 661 condi·

209 694 314 751 tionum
326 693 470 750 diversitas
479 704 506 750 et
521 707 630 751 natura.

236 806 257 851 ,s
272 787 302 841 ln
314 804 369 859 quo
379 789 478 858 signati
495 790 562 844 estis
576 789 603 843 it»
616 789 659 843 »lie
683 789 894 860 redemptionis.
911 809 921 844 s
951 791 995 845 Si-

208 878 353 946 gnaeulum
368 880 458 933 saneti
475 877 593 949 Spiritus
609 879 635 933 in
650 880 694 934 die
728 882 857 952 baptismi
890 884 997 952 acecpi-

207 971 281 1027 ttis:
300 986 400 1026 norum
418 971 588 1042 signaculum
602 971 703 1027 babere
721 973 854 1043 coepistis.

247 1082 257 1116 t
275 1061 369 1118 Omnis
380 1063 564 1116 amaritudo.»
584 1063 611 1117 ltr
624 1079 676 1134 qua
687 1066 864 1119 contristatur
877 1065 995 1136 Spiritus

207 1170 329 1214 sanctus.
344 1156 428 1217 Recte
448 1164 537 1211 auten»
558 1157 650 1226 posuit
679 1158 903 1224 amaritudinem,
931 1160 994 1228 quia

206 1248 265 1317 ipsa
281 1258 322 1303 est
333 1247 501 1317 provocatio.

247 1359 256 1393 s
274 1338 308 1393 St
321 1340 395 1394 ira.»
413 1338 528 1394 Omnem
543 1338 635 1395 aulert
654 1340 734 1395 iram.

246 1433 308 1489 »Et
324 1432 516 1502 indignatio.»
544 1431 700 1501 Indignatio
724 1446 756 1488 et
786 1425 915 1504 snperbia
942 1446 994 1504 est,

206 1542 268 1582 cua»
286 1526 565 1596 aliquemJ'udieamus
579 1525 736 1595 indiguum:
753 1525 814 1582 ideo
831 1543 892 1584 euru
917 1531 995 1586 nolu·

206 1635 268 1676 atus
280 1621 427 1674 sustinere.

246 1710 308 1765 «ti»
328 1710 458 1765 clamor.»
481 1708 533 1777 Qui
559 1724 593 1765 ex
622 1708 716 1765 lurore
741 1711 894 1776 descendit,
914 1727 995 1782 quent

205 1818 260 1859 not»
277 1804 396 1861 babeant
409 1802 569 1858 Christiani.
587 1802 722 1857 Ceterum
737 1804 826 1859 isaias
859 1804 928 1859 bene
940 1804 995 1859 cla·

1050 600 1209 666 lornicator,
1231 611 1276 657 aut
1289 617 1398 667 avarus,
1410 599 1483 671 quod
1499 600 1690 656 estidolorum
1707 604 1838 670 seruitus,

1050 707 1103 747 oon
1113 692 1417 748 ltabetbaereditatemin
1427 706 1510 762 regno
1521 691 1621 748 Christi
1632 699 1660 746 et
1671 691 1729 747 liei.
1742 712 1751 742 s
1765 693 1838 750 Con·

1051 790 1091 835 tra
1110 781 1170 838 illos
1183 783 1237 853 agit
1252 782 1298 852 qui
1309 783 1395 837 solam
1410 782 1490 837 iidem
1500 781 1595 836 dicunt
1608 783 1753 839 sullicere:
1773 785 1837 855 qnia

1051 874 1204 944 hujusmodi
1218 884 1296 931 aetus
1308 890 1361 931 nott
1378 877 1443 940 ileo,
1458 877 1505 931 ιιι
1517 878 1632 930 daemoni
1663 877 1837 934 exhibentur.

1051 963 1201 1022 llaereditas
1220 977 1311 1027 autem
1323 968 1398 1039 regni
1416 969 1549 1024 coelorum
1568 968 1616 1026 [ιιι
1628 969 1701 1037 tiliis,
1712 987 1766 1026 uon
1776 972 1837 1029 din-

1050 1056 1113 1112 boto
1126 1069 1308 1129 praeparatur.

1089 1148 1255 1207 »Netrroros
1265 1155 1386 1207 seducat.
1409 1172 1418 1205 »
1439 1152 1559 1211 Dicendo
1592 1157 1644 1212 ltoe
1666 1158 1859 1230 solummodo

1050 1249 1181 1306 opttsest,
1200 1242 1309 1296 utlides
1323 1243 1372 1310 sit,
1397 1252 1425 1298 et
1457 1246 1540 1300 bomo
1568 1245 1671 1302 Christi
1698 1233 1859 1317 baptisma-⁶

1049 1343 1233 1400 consequatur
1264 1351 1272 1390 :
1299 1336 1423 1404 quamuis
1446 1347 1550 1408 peccet,
1571 1341 1724 1408 perirenon
1738 1353 1837 1412 potest.

1088 1461 1098 1494 t
1117 1440 1249 1501 inanibus
1268 1448 1367 1503 serbis.
1386 1467 1395 1500 »
1414 1447 1480 1518 Ωιι
1501 1451 1639 1509 bominem
1652 1454 1769 1513 liberare
1783 1473 1837 1514 not»

1049 1549 1172 1607 possunt.

1088 1650 1097 1681 t
1114 1629 1229 1701 Propter
1243 1633 1300 1689 bae'e
1316 1633 1388 1689 ettitu
1405 1637 1481 1690 »enit
1499 1638 1539 1691 ira
1554 1639 1615 1695 bei.
1634 1661 1644 1691 s
1661 1641 1702 1695 Ex
1717 1644 1839 1710 praeteri·

1051 1720 1188 1778 tislutura
1210 1727 1385 1795 cognoscite:
1401 1727 1423 1782 si
1447 1728 1595 1785 Sodottritis
1623 1747 1675 1785 noo
1705 1735 1838 1804 pepercit,

1050 1821 1078 1867 et
1093 1812 1139 1869 ltis
1154 1815 1200 1885 qui
1212 1815 1238 1869 in
1256 1817 1359 1872 diluuio
1371 1820 1524 1889 perierunt,
1541 1834 1637 1892 parcet
1653 1825 1755 1881 robis!

206 1910 282 1950 »trare
287 1898 409 1965 jubetur.
421 1896 474 1951 Sed
492 1906 518 1951 ot
533 1894 676 1966 ipselesus
689 1896 862 1977 clqamubatin
878 1897 996 1968 tentplo:
1011 1907 1037 1970 Β
1087 1921 1097 1954 t
1118 1903 1145 1958 ln
1159 1905 1231 1961 lilios
1246 1907 1411 1966 dillldentiae.
1431 1930 1441 1963 »
1457 1913 1510 1979 Qui
1525 1914 1839 1975 nottcredtderuntiran»

207 1983 262 2052 Qui
275 1986 344 2052 sitit,
362 1987 449 2039 ueniat
466 1995 493 2039 et
523 1985 594 2038 titas
612 1985 703 2056 (lours.
719 2001 766 2052 ιιι,
784 1986 841 2058 stt.

244 2095 254 2128 t
271 2078 304 2132 lit
321 2077 488 2146 blaspltcntia
506 2075 617 2132 tollatur
629 2092 644 2130 a
656 2076 735 2133 robis
748 2092 809 2132 curn
821 2079 896 2134 omni
923 2081 999 2136 mali·

207 2168 254 2223 tia.
277 2188 287 2221 »
311 2167 375 2235 Quo
390 2169 433 2224 rel
446 2167 558 2223 inimico
576 2176 666 2238 potest
684 2168 771 2225 vicen»
785 2170 909 2229 reddere.

247 2278 257 2312 r
274 2259 367 2315 Estote
379 2271 470 2315 autem
486 2259 603 2317 invicem
618 2261 745 2330 benigni.
770 2280 780 2314 ι
807 2262 906 2320 Servat
924 2267 999 2324 ordi·

209 2367 272 2407 nen»
288 2353 366 2423 legis,
384 2361 412 2408 ut
426 2369 479 2408 non
491 2353 580 2409 sulum
600 2353 705 2412 matitia
719 2353 839 2424 tollatur,
854 2357 999 2416 sedetiam

208 2444 364 2516 benignitas
379 2446 528 2502 inseratur.
606 2462 613 2473 “

249 2551 260 2587 t
282 2534 485 2591 liiserieordes.
506 2553 517 2588 r
540 2534 632 2602 idest,
650 2536 839 2594 condolentes.

244 2626 409 2684 «ilonautes
426 2628 541 2683 invicem
560 2630 631 2686 sicut
648 2642 674 2685 et
687 2631 759 2688 Deus
773 2633 799 2688 in
817 2632 926 2691 cbristo
953 2635 1000 2691 do-

209 2721 287 2776 narit
300 2721 384 2777 robis.
408 2742 417 2773 s
435 2718 617 2778 Remittentes
630 2733 752 2793 peccata,
767 2741 801 2782 ne
829 2727 907 2782 robis
923 2727 1000 2783 dica·

210 2822 254 2868 tur
265 2811 355 2870 :Serre
364 2830 563 2887 »tequammmne
575 2815 689 2871 debitum
699 2817 792 2873 dionisi
802 2819 996 2889 adimposito

208 2915 235 2960 et
256 2916 281 2960 te
297 2904 428 2961 dimittere
441 2923 563 2963 conseruo
581 2918 627 2963 tut»
655 2908 762 2982 (narrt.
781 2927 859 2979 xtttt,
876 2913 924 2982 32,
939 2913 998 2985 53).

517 3069 632 3126 curbi
649 3071 679 3127 t.

248 3200 259 3236 t
277 3181 368 3239 Estote
378 3198 443 3254 ergo
466 3184 618 3241 imitatores
638 3185 695 3252 bet,
710 3186 783 3241 sicttt
808 3185 854 3241 itit
871 3186 1000 3244 charissi-

1048 1997 1240 2053 conrutiuantis
1254 2015 1284 2055 se
1294 2014 1529 2072 superventuram.

1088 2104 1099 2138 t
1112 2085 1199 2145 Nolite
1215 2104 1281 2160 ergo
1294 2091 1363 2149 ellici
1374 2097 1520 2165 participes
1535 2112 1639 2157 eorum.
1658 2123 1668 2158 »
1686 2104 1714 2159 Si
1730 2105 1759 2161 iu
1773 2123 1836 2180 pec·

1049 2179 1128 2244 cati»,
1141 2178 1458 2252 judiciodesperantiua»
1470 2190 1615 2263 participes
1629 2194 1746 2266 fueritis,
1758 2203 1836 2262 eritis

1049 2265 1077 2322 it»
1098 2283 1176 2338 poena
1191 2284 1342 2329 consortes.

1067 2361 1208 2424 Ιιιζιιιιιιι
1234 2364 1308 2419 enim
1329 2365 1476 2437 aliquando
1492 2373 1621 2442 tenebra,
1648 2392 1721 2436 uuae
1747 2393 1837 2440 auteur

1050 2449 1095 2503 lus
1108 2449 1135 2502 in
1163 2449 1288 2509 llotniuo.
1306 2453 1343 2510 itt
1367 2457 1415 2512 tilii
1432 2459 1502 2516 lucis
1527 2465 1673 2525 ambulate.
1693 2488 1703 2521 »
1723 2471 1838 2539 Quando

1049 2543 1214 2601 nesciebatis
1227 2545 1335 2604 Domini
1347 2553 1514 2610 uoluntmem
1534 2572 1541 2610 :
1558 2574 1631 2616 nuuc
1656 2578 1720 2623 tero
1745 2573 1836 2627 omitia

1050 2638 1226 2708 cognovistis.
1237 2639 1374 2709 Quantum
1385 2658 1451 2716 ergo
1469 2646 1640 2708 interiorem
1656 2657 1740 2715 distat
1756 2673 1783 2716 et
1802 2677 1839 2720 te·

1050 2728 1163 2797 nebris,
1198 2742 1340 2789 tantuma
1366 2737 1482 2807 pristina
1502 2747 1711 2805 conversatione
1739 2755 1843 2816 disere.

1050 2833 1117 2891 parc
1134 2823 1249 2881 debetis.

1089 2936 1236 2997 »Fructus
1252 2944 1324 2998 eninr
1350 2945 1419 3003 lucis
1433 2958 1476 3005 est
1504 2953 1533 3009 ir»
1556 2959 1630 3012 omui
1652 2961 1785 3032 bonitate,
1815 2978 1844 3026 et

1049 3027 1204 3098 justitia,et
1225 3035 1374 3091 ueritate.»
1408 3038 1501 3097 Talem
1525 3045 1609 3103 babet
1636 3052 1751 3109 scientia
1780 3059 1839 3112 tru-

1050 3135 1135 3179 ctum.

210 3276 289 3334 mi.»
311 3277 755 3345 inritationeenittt,nounatura
774 3280 821 3333 lilii
840 3254 1039 3357 lleisuttrtts,·(²
1093 3238 1268 3301 ‘waame'
1287 3247 1351 3317 qum
1381 3249 1418 3306 ‘i‘
1443 3251 1645 3323 benephciwm
1676 3257 1770 3316 ⁰⁰⁰³
1800 3263 1841 3320 ᾖ

210 3370 283 3428 sicut
297 3371 335 3424 ait
353 3369 496 3425 Salvator:
513 3366 547 3422 tt»
574 3370 635 3424 »itis
657 3371 708 3440 pitit
725 3371 816 3448 Putris
843 3373 893 3426 otei
914 3373 958 3442 qtti
974 3373 1001 3426 t'n

210 3462 284 3518 coelr's
297 3472 345 3529 eat,
365 3470 418 3517 ιιι.
433 3460 542 3532 (dlottlt.
556 3477 580 3528 ι,
595 3462 655 3533 lb).

251 3573 262 3607 t
284 3554 317 3608 Ει
327 3556 463 3610 ambulate
479 3556 505 3610 in
520 3555 676 3625 dilectione,
693 3556 765 3613 sicot
777 3565 803 3612 ct
816 3555 944 3614 Christus
959 3559 1001 3613 di-

211 3647 279 3700 luxit
295 3662 354 3701 nos.
375 3664 384 3698 »
408 3643 485 3701 Uttde
514 3657 543 3699 ct
568 3645 687 3702 Joattocs
709 3649 851 3717 apostolus
881 3650 920 3704 ait
940 3665 948 3707 ι
968 3648 1003 3703 tn

212 3742 262 3791 ιιι
278 3741 444 3809 cogitavimus
457 3740 616 3794 citaritoteta
634 3780 643 3807 ,
661 3741 722 3809 qot'o
733 3740 778 3795 illc
794 3743 911 3795 anintum
926 3758 1003 3798 tuam

211 3846 261 3899 pro
277 3832 349 3884 nobis
366 3832 465 3897 potttt't.
483 3831 611 3887 Debentur
625 3848 687 3903 ergo
707 3842 732 3886 et
745 3850 792 3886 tros
807 3849 855 3901 pro
872 3835 1001 3904 protrito»

214 3924 431 3990 ottirrtusptnere
457 3919 493 3992 (l
509 3923 602 3989 loom,
621 3937 664 3989 ιιι,
679 3921 737 3993 ib).
884 3995 887 3999 v

255 4015 317 4069 »Et
348 4016 459 4070 tradidit
481 4016 685 4085 semtipsum.»
707 4013 866 4071 Voluntaric
895 4017 954 4085 ipse
976 4031 1004 4073 se

215 4108 340 4172 tradidit,
358 4123 409 4161 »tou
423 4108 456 4161 ab
473 4107 526 4161 alio
537 4108 639 4161 invitus
657 4108 773 4162 traditus
789 4115 842 4161 est.

254 4217 264 4250 t
296 4198 349 4252 l'ro
373 4201 461 4253 nubis.
486 4216 496 4249 »
527 4201 582 4253 Pro
608 4199 813 4268 peccatoribus,
847 4209 876 4255 ut
907 4201 1006 4258 llerertt

212 4291 294 4362 justi.

253 4404 264 4438 t
284 4383 455 4443 oblationem
471 4397 499 4441 et
516 4386 634 4441 hostiam
647 4385 703 4441 ileo
717 4387 743 4441 in
756 4389 867 4443 odorent
885 4389 1005 4444 suauita-

217 4481 263 4535 tis.
281 4499 291 4531 s
307 4480 492 4536 Suatissitnus
509 4480 564 4536 lico
578 4481 645 4535 odor
659 4493 700 4536 est
716 4476 865 4545 charitas.¹

253 4589 262 4622 t
282 4569 435 4625 Fornicatio
454 4583 599 4633 tutemet
618 4574 708 4627 otonis
727 4572 911 4641 itttmunditia,
950 4584 997 4630 aut

213 4666 340 4720 avaritia.
361 4684 371 4716 »
391 4664 488 4720 llutnia
509 4665 623 4719 crimina
641 4665 761 4719 breuiter
782 4669 1001 4738 comprehendit,

214 4761 333 4815 duorum
344 4760 491 4814 criminum
508 4759 676 4829 designando
698 4761 814 4815 radices·

253 4869 263 4903 t
279 4849 336 4903 Nee
352 4850 507 4904 nurninetur
523 4851 549 4902 itt
560 4849 647 4914 robis,
662 4849 733 4904 sicut
747 4851 825 4905 decet
850 4862 970 4909 sanctos.
991 4873 1001 4906 »

212 4944 450 5000 Considerandum
463 4942 569 4997 scilicet
581 4957 644 5023 non⁴
656 4943 739 5000 linere
754 4945 824 5013 lieri,
855 4953 927 5018 qttod
946 4964 1004 5005 rtur»

212 5036 279 5092 licet
295 5035 446 5090 ttorttittare.

255 5129 334 5182 »dut
354 5130 504 5197 turpitudo,
522 5141 568 5183 aut
586 5122 793 5199 stultiloquium.
812 5148 821 5180 »
843 5128 900 5185 lloe
923 5132 1005 5187 etiarn

211 5220 244 5277 iu
261 5221 324 5275 liliis
334 5221 474 5276 bominum
490 5222 698 5292 reprehenditur
712 5227 898 5278 bonestorum.

253 5319 332 5372 »Aut
358 5316 523 5381 scurrilitas,
548 5332 608 5386 quart
632 5317 666 5371 ad
691 5331 747 5370 rem
775 5332 829 5370 uon
845 5318 1000 5385 pertinet.»

212 5409 311 5466 Risum
327 5426 447 5474 atterens,
458 5411 503 5481 qui
514 5410 641 5480 grauitati
663 5425 717 5464 »tots
733 5413 860 5464 contenit
871 5408 1008 5473 Citristia-

210 5521 275 5562 »satt
293 5506 356 5574 quia
376 5504 408 5559 »tl
425 5519 546 5560 retuuot»
569 5504 688 5574 pertinet
713 5503 855 5559 coelestetn
879 5512 907 5558 et
932 5504 1003 5558 diri·

215 5614 294 5655 stan».

254 5692 333 5746 »Sed
346 5694 432 5764 magis
448 5695 595 5764 gratiarum
613 5697 695 5752 actio.
714 5714 724 5747 »
744 5693 803 5751 lloe
820 5695 908 5767 magis
932 5710 1004 5751 sen»-

209 5799 263 5857 per
282 5797 399 5840 tractare
412 5787 677 5858 debetis,quotuodo
701 5789 756 5847 [leo
772 5799 799 5845 et
807 5799 870 5846 actu
886 5801 915 5846 et
931 5790 1004 5859 cogi-

210 5877 318 5932 tatione
331 5875 472 5944 placeatis.
951 5900 954 5905 >

297 5970 438 6035 Person.
457 5974 556 6037 XXX·

1053 3331 1112 3436 lege
1124 3338 1236 3402 probate
1252 3339 1315 3407 quid
1330 3345 1509 3415 beneplaceat
1524 3348 1590 3418 beo,
1621 3366 1676 3408 nou
1694 3357 1767 3425 qaod
1787 3359 1843 3416 lto-

1054 3441 1142 3481 ttttttes
1157 3443 1292 3487 asserunt.

1092 3520 1152 3575 »Et
1166 3523 1251 3580 nolite
1274 3531 1478 3589 communicare
1507 3535 1636 3605 operibus
1664 3539 1856 3602 iulruetuosis

1055 3613 1240 3671 tenebrarunt.
1258 3618 1343 3674 »Nou
1355 3624 1606 3698 prodestquidquid
1623 3633 1653 3686 lit
1672 3636 1732 3689 sine
1752 3637 1844 3692 scien·

1056 3703 1093 3758 tia
1114 3708 1254 3775 veritatis;
1269 3713 1332 3780 quia
1348 3728 1398 3770 nee
1408 3715 1454 3769 lus
1467 3729 1555 3786 potest
1570 3726 1843 3785 communicarecum

1057 3797 1177 3853 tenebris
1206 3798 1249 3867 (tl
1261 3801 1321 3858 Cor.
1335 3820 1372 3872 ιι,
1391 3806 1447 3877 ll).

1094 3887 1301 3960 »blagisautem
1314 3899 1480 3969 redarguite.
1500 3903 1584 3959 »Non
1601 3905 1691 3964 solum
1717 3924 1844 3968 carunto·

1056 3978 1148 4036 niceae
1159 3984 1250 4051 nolite,
1267 3988 1315 4042 sed
1330 3990 1412 4045 etiarn
1422 3996 1593 4066 redarguite.

1094 4091 1104 4126 s
1120 4076 1184 4141 Quae
1197 4080 1268 4133 enim
1284 4080 1312 4136 iu
1330 4084 1438 4139 occulto
1451 4088 1520 4142 liuttt
1533 4094 1568 4145 ab
1585 4093 1663 4160 ipsis.
1682 4094 1732 4150 »ln
1748 4112 1844 4155 secrc-

1057 4168 1169 4223 tislocis
1179 4173 1320 4228 dontoruu»
1334 4176 1376 4229 rel
1391 4180 1496 4248 templi.

1096 4281 1106 4313 r
1125 4261 1216 4334 Turpe
1233 4278 1275 4322 est
1291 4277 1319 4323 et
1334 4271 1434 4326 dicere.
1454 4290 1464 4325 »
1482 4272 1566 4330 Nobis
1580 4277 1670 4335 dicere
1685 4292 1762 4352 turpe
1788 4296 1844 4359 est,

1056 4358 1165 4427 quaeilli
1190 4361 1232 4415 rel
1253 4362 1280 4416 in
1300 4364 1419 4422 tenebris
1432 4367 1523 4424 lacere
1538 4385 1590 4426 non
1611 4377 1789 4435 erubescunt.

1097 4473 1106 4506 t
1125 4452 1223 4510 Omnia
1238 4468 1341 4526 autem,
1354 4475 1415 4542 quae
1427 4472 1590 4532 arguuntur,
1608 4483 1622 4520 a
1638 4469 1739 4526 luntitte
1754 4462 1846 4530 maniss

1061 4547 1205 4607 testantur.
1226 4553 1324 4607 »Sicut
1337 4559 1370 4608 ad
1382 4554 1539 4613 Corinthios
1550 4561 1588 4613 ait
1605 4576 1613 4616 ι
1639 4563 1748 4620 Occulta
1763 4569 1847 4625 »tium

1061 4645 1146 4698 cordi»
1159 4645 1217 4714 ejus
1230 4646 1370 4716 nraniirsto
1381 4647 1449 4716 fiunt
1471 4649 1495 4720 (l
1514 4650 1577 4707 Gor.
1592 4669 1647 4722 att,
1659 4655 1718 4727 ιιδ).
1735 4660 1769 4715 Ει
1782 4670 1848 4719 tuuc

1057 4736 1158 4792 cadens
1174 4742 1200 4793 in
1212 4739 1311 4795 taciem
1322 4741 1451 4796 adorabis
1463 4743 1560 4811 licum,
1577 4753 1761 4819 pronuntians
1773 4760 1848 4832 quod

1057 4830 1129 4888 beas
1146 4848 1209 4887 rere
1223 4836 1303 4901 cst—it»
1316 4836 1408 4892 nobis.

1097 4945 1105 4976 t
1122 4928 1207 4981 Orttne
1219 4930 1293 4992 enim
1311 4933 1381 4999 quod
1396 4934 1595 5003 »traniiestatun
1609 4941 1700 4996 lumen
1711 4951 1762 4997 est.
1779 4964 1790 4996 s
1803 4944 1848 5000 ln·

1059 5019 1126 5088 cipit
1139 5020 1227 5075 lunren
1244 5035 1304 5076 csse
1322 5039 1383 5077 enta
1399 5027 1556 5094 crediderit,
1583 5043 1610 5086 ct
1640 5035 1716 5090 subis
1743 5038 1843 5106 adiun-

1060 5117 1143 5184 gitur.

1098 5224 1107 5258 t
1125 5206 1240 5279 Propter
1256 5213 1327 5282 quod
1341 5213 1430 5271 dicit:
1445 5215 1532 5288 Surge
1552 5220 1597 5289 qui
1611 5221 1725 5278 dormis.
1743 5240 1753 5275 »
1775 5222 1850 5283 Voce

1061 5299 1177 5370 alicujus
1191 5306 1335 5373 sapientis,
1348 5311 1545 5366 conscientian»
1575 5313 1710 5373 itit-reduit
1739 5318 1847 5386 pulsare

1060 5393 1207 5464 cupientis,
1224 5401 1257 5452 de
1274 5414 1371 5456 sotttrto
1383 5402 1543 5474 ignorantiae
1556 5407 1670 5467 excitat.

1099 5503 1108 5534 t
1131 5483 1164 5540 tt»
1190 5502 1309 5560 exsurge
1323 5507 1338 5545 a
1352 5496 1476 5549 mortuis.
1496 5499 1540 5548 »b
1556 5498 1678 5565 peccatis
1693 5499 1734 5554 sel
1756 5500 1846 5557 idolis.

1099 5618 1109 5654 ι
1128 5600 1161 5656 Et
1176 5602 1340 5661 illurttlnabit
1353 5617 1377 5663 te
1387 5608 1525 5664 caristus.
1547 5631 1557 5665 s
1574 5612 1642 5668 Cuut
1653 5612 1680 5670 ei
1689 5615 1848 5688 credideris,

1061 5693 1186 5753 efficieris
1196 5707 1224 5752 ct
1236 5699 1294 5769 ipse
1306 5701 1363 5759 lux.

1099 5788 1331 5864 tllideteitaque,
1350 5796 1458 5863 iratres,
1475 5801 1612 5868 quomodo
1641 5812 1722 5858 caute
1748 5805 1850 5860 ambu-

1062 5881 1141 5938 letis:
1151 5887 1291 5956 neuquasi
1305 5888 1476 5959 insipientes,
1485 5894 1533 5948 sed
1547 5906 1575 5949 ιιι
1584 5897 1750 5965 sapientes.»
1764 5896 1847 5968 Quasi

1632 5986 1670 6049 28
